% This file was created with JabRef 2.9.2.
% Encoding: UTF8

@ARTICLE{Ackerly2000,
  author = {Ackerly, D.D.},
  title = {Taxon sampling, correlated evolution and independent contrasts},
  journal = {Evolution},
  year = {2000},
  volume = {54},
  pages = {1480-1492},
  number = {5},
  keywords = {Comparative methods correlated evolution independent contrasts simulations
	taxon sampling},
  owner = {SFINLAY},
  timestamp = {2014.04.22}
}

@ARTICLE{Adams2012,
  author = {Adams, A.M. and Jantzen, MK. and Hamilton, R.M. and Fenton, M.B.
	and Freckleton, R.},
  title = {Do you hear what {I} hear? {I}mplications of detector selection for
	acoustic monitoring of bats},
  journal = {Methods in Ecology and Evolution},
  year = {2012},
  volume = {3},
  pages = {992-998},
  note = {10.1111/j.2041-210X.2012.00244.x},
  owner = {SFINLAY},
  timestamp = {2014.04.22}
}

@ARTICLE{Adams2014,
  author = {Adams, D.C.},
  title = {Quantifying and comparing phylogenetic evolutionary rates for shape
	and other high-dimensional phenotypic data},
  journal = {Systematic Biology},
  year = {2014},
  volume = {63},
  pages = {166-177},
  number = {2},
  note = {10.1093/sysbio/syt105},
  owner = {SFINLAY},
  timestamp = {2014.04.22}
}

@ARTICLE{Adams2009,
  author = {Adams, D.C. and Collyer, M.L.},
  title = {A general framework for the analysis of phenotypic trajectories in
	evolutionary studies},
  journal = {Evolution},
  year = {2009},
  volume = {63},
  pages = {1143-1154},
  number = {5},
  note = {10.1111/j.1558-5646.2009.00649.x},
}

@ARTICLE{Adams2013,
  author = {Adams, D. C. and Ot\'arola-Castillo, E. and Paradis, E.},
  title = {geomorph: an {R} package for the collection and analysis of geometric
	morphometric shape data},
  journal = {Methods in Ecology and Evolution},
  year = {2013},
  volume = {4},
  pages = {393-399},
  owner = {SFINLAY},
  timestamp = {2014.04.22}
}

@ARTICLE{Adams2013a,
  author = {Adams, D.C. and Rohlf, F. and Slice, D.},
  title = {A field comes of age: geometric morphometrics in the 21st century},
  journal = {Hystrix},
  year = {2013},
  volume = {24},
  number = {1},
}

@ARTICLE{Adams2000,
  author = {Adams, D. C. and Rohlf, F. J.},
  title = {Ecological character displacement in {P}lethodon: {B}iomechanical
	differences found from a geometric morphometric study},
  journal = {Proceedings of the National Academy of Sciences},
  year = {2000},
  volume = {97},
  pages = {4106-4111},
  number = {8},
  owner = {SFINLAY},
  timestamp = {2014.04.22}
}

@ARTICLE{Adams2004,
  author = {Adams, D. C. and Rohlf, F. J. and Slice, D.E.},
  title = {Geometric morphometrics: {T}en years of progress following the "revolution"},
  journal = {Italian Journal of Zoology},
  year = {2004},
  volume = {71},
  pages = {5-16},
  number = {1},
}

@MISC{Adriaens2007,
  author = {Adriaens, D.},
  title = {Protocol for error testing in landmark based geometric morphometrics},
  year = {2007},
  number = {20/05/2013},
  owner = {SFINLAY},
  timestamp = {2014.04.22},
  howpublished = {\url{http://www.fun-morph.ugent.be/Miscel/Methodology/Morphometrics.pdf}},
  url = {http://www.fun-morph.ugent.be/Miscel/Methodology/Morphometrics.pdf}

}

@ARTICLE{Agosta2013,
  author = {Agosta, S.J. and Bernardo, J.},
  title = {New macroecological insights into functional constraints on mammalian
	geographical range size},
  journal = {Proceedings of the Royal Society B: Biological Sciences},
  year = {2013},
  volume = {280},
}

@ARTICLE{Agosta2013a,
  author = {Agosta, S. and Bernardo, J.},
  title = {New macroecological insights into functional constraints on mammalian
	geographical range size},
  journal = {Proceedings of the Royal Society B: Biological Sciences},
  year = {2013},
  volume = {280},
  pages = {20130140},
  number = {1758},
}

@ARTICLE{Ali2010,
  author = {Ali, J.R. and Huber, M.},
  title = {Mammalian biodiversity on {M}adagascar controlled by ocean currents},
  journal = {Nature},
  year = {2010},
  volume = {463},
  pages = {653-656},
  number = {7281},
  owner = {SFINLAY},
  timestamp = {2014.04.22}
}

@ARTICLE{Alvarado-C\'ardenas2013,
  author = {Alvarado-C\'ardenas, L. O. and Mart\'inez-Meyer, E. and Feria, T.P.
	and Eguiarte, L.E. and Hern\'andez, H.M. and Midgley, G. and Olson,
	M.E.},
  title = {To converge or not to converge in environmental space: testing for
	similar environments between analogous succulent plants of {N}orth
	{A}merica and {A}frica},
  journal = {Annals of botany},
  year = {2013},
  volume = {111},
  pages = {1125-1138},
  number = {6},
}

@ARTICLE{Anderson2005,
  author = {Anderson, K.J. and Jetz, W.},
  title = {The broad-scale ecology of energy expenditure of endotherms},
  journal = {Ecology Letters},
  year = {2005},
  volume = {8},
  pages = {310-318},
  number = {3},
  keywords = {Birds day length doubly labelled water energetics field metabolic
	rate latitude mammals metabolic niche net primary production temperature},
  owner = {SFINLAY},
  timestamp = {2014.04.22}
}

@ARTICLE{Anderson2001,
  author = {Anderson, M.J.},
  title = {A new method for non-parametric multivariate analysis of variance},
  journal = {Austral Ecology},
  year = {2001},
  volume = {26},
  pages = {32-46}
}

@ARTICLE{Arbuckle2014,
  author = {Arbuckle, K. and Bennett, C.M. and Speed, M.P.},
  title = {A simple measure of the strength of convergent evolution},
  journal = {Methods in Ecology and Evolution},
  year = {2014},
  volume = {5},
  pages = {685-693},
  note = {10.1111/2041-210X.12195}
}

@ARTICLE{Arnold2010,
  author = {Arnold, C. and Nunn, C.L.},
  title = {Phylogenetic targeting of research effort in evolutionary biology},
  journal = {The American Naturalist},
  year = {2010},
  volume = {176},
  pages = {601-612},
  number = {5},
  owner = {SFINLAY},
  timestamp = {2014.04.22}
}

@ARTICLE{Arnold2010a,
  author = {Arnold, C. and Stadler, P.},
  title = {Polynomial algorithms for the {M}aximal {P}airing {P}roblem: efficient
	phylogenetic targeting on arbitrary trees},
  journal = {Algorithms for Molecular Biology},
  year = {2010},
  volume = {5},
  number = {25},
  note = {DOAJ-Articles [http://www.doaj.org/oai.article] (Sweden) ER},
}

@ARTICLE{Arnqvist1998,
  author = {Arnqvist, G. and M{\aa}rtensson, T.},
  title = {Measurement error in geometric morphometrics; empirical strategies
	to assess and reduce its impact on measures of shape},
  journal = {Acta Zoologica Academiae Scientiarum Hungaricae},
  year = {1998},
  volume = {44},
  pages = {73-96},
  number = {1-2},
  owner = {SFINLAY},
  timestamp = {2014.04.22}
}

@ARTICLE{Asher2006,
  author = {Asher, R.J. and Hofreiter, M.},
  title = {Tenrec phylogeny and the noninvasive extraction of nuclear {D}{N}{A}},
  journal = {Systematic Biology},
  year = {2006},
  volume = {55},
  pages = {181-194},
  number = {2},
  owner = {SFINLAY},
  timestamp = {2014.04.22}
}

@ARTICLE{Asher1999,
  author = {Asher, R. J.},
  title = {A morphological basis for assessing the phylogeny of the ''{T}enrecoidea''
	({M}ammalia, {L}ipotyphla)},
  journal = {Cladistics},
  year = {1999},
  volume = {15},
  pages = {231-252},
  number = {3},
  owner = {SFINLAY},
  timestamp = {2014.04.22}
}

@ARTICLE{Asher2008,
  author = {Asher, R. J. and Lehmann, T.},
  title = {Dental eruption in {A}frotherian mammals},
  journal = {BMC Biology},
  year = {2008},
  volume = {6},
  pages={14},
  number = {14},
}

@ARTICLE{Asher2010,
  author = {Asher, R. J. and Maree, S. and Bronner, G. and Bennett, N.C. and
	Bloomer, P. and Czechowski, P. and Meyer, M. and Hofreiter, M.},
  title = {A phylogenetic estimate for golden moles ({M}ammalia, {A}frotheria,
	{C}hrysochloridae)},
  journal = {BMC Evolutionary Biology},
  year = {2010},
  volume = {10},
  pages = {69},
  number = {69},
  owner = {SFINLAY},
  timestamp = {2014.04.22}
}

@ARTICLE{Barrow2008,
  author = {Barrow, E. and Macleod, N.},
  title = {Shape variation in the mole dentary ({T}alpidae: {M}ammalia)},
  journal = {Zoological Journal of the Linnean Society},
  year = {2008},
  volume = {153},
  pages = {187-211},
  number = {1},
  owner = {SFINLAY},
  timestamp = {2014.04.22}
}

@MANUAL{Bates2014,
  title = {lme4: Linear mixed-effects models using {E}igen and {S}4},
  author = {Bates, D. and Maechler, M. and Bolker, B. and Walker, S.},
  year = {2014},
  url = {http://CRAN.R-project.org/package=lme4}
}

@ARTICLE{Beck2012,
  author = {Beck, J. and Ballesteros-Mejia, L. and Buchmann, C.M. and Dengler,
	J. and Fritz, S.A. and Gruber, B. and Hof, C. and Jansen, F. and
	Knapp, S. and Kreft, H. and Schneider, A.K. and Winter, M. and Dormann,
	C.F.},
  title = {What's on the horizon for macroecology?},
  journal = {Ecography},
  year = {2012},
  volume = {35},
  pages = {673-683},
  owner = {SFINLAY},
  timestamp = {2014.04.22}
}

@ARTICLE{Ben-Moshe2001,
  author = {Ben-Moshe, A. and Dayan, T. and Simberloff, D.},
  title = {Convergence in morphological patterns and community organization
	between {O}ld and {N}ew {W}orld rodent guilds},
  journal = {The American naturalist},
  year = {2001},
  volume = {158},
  pages = {484-495},
  number = {5},
}

@ARTICLE{Benstead2001,
  author = {Benstead, J.P. and Barnes, K.H. and Pringle, C.M.},
  title = {Diet, activity patterns, foraging movement and responses to deforestation
	of the aquatic tenrec \textit{{L}imnogale mergulus} ({L}ipotyphla:
	{T}enrecidae) in eastern Madagascar},
  journal = {Journal of Zoology},
  year = {2001},
  volume = {254},
  pages = {119-129},
  number = {1},
  keywords = {activity patterns diet Limnogale mergulus Madagascar Tenrecidae},
  owner = {SFINLAY},
  timestamp = {2014.04.22}
}

@ARTICLE{Bernal2001,
  author = {Bernal, D. and Dickson, K. and Shadwick, R. and Graham, J.},
  title = {Review: Analysis of the evolutionary convergence for high performance
	swimming in lamnid sharks and tunas},
  journal = {Comparative biochemistry and physiology. Part A, Molecular \& integrative
	physiology},
  year = {2001},
  volume = {129},
  pages = {695-726},
  number = {2-3},
}

@ARTICLE{Blackburn1998,
  author = {Blackburn, T.M. and Gaston, K.T.},
  title = {Some methodlogical issues in macroecology},
  journal = {The American Naturalist},
  year = {1998},
  volume = {151},
  pages = {68-83},
  number = {1},
  owner = {SFINLAY},
  timestamp = {2014.04.22}
}

@ARTICLE{Blagojević2011,
  author = {Blagojevi\'c, M. and Milo{\u s}evi\'c-Zlatanovi\'c, S.},
  title = {Sexual shape dimorphism in Serbian roe deer (\textit{Capreolus capreolus}
	L.)},
  journal = {Mammalian Biology},
  year = {2011},
  volume = {76},
  pages = {735-740},
  note = {10.1016/j.mambio.2011.06.004}
}

@ARTICLE{Blagojevic2011,
  author = {Blagojevi\'c, M. and Milo\v{s}evi\'c-Zlatanovi\'c, S.},
  title = {Sexual shape dimorphism in {S}erbian roe deer (\textit{{C}apreolus
	capreolus} {L}.)},
  journal = {Mammalian Biology - Zeitschrift f\"ur S\"augetierkunde},
  year = {2011},
  volume = {76},
  pages = {735-740},
  number = {6},
  owner = {SFINLAY},
  timestamp = {2014.04.22}
}

@ARTICLE{Blount2008,
  author = {Blount, Z.D. and Borland, C.Z. and Lenski, R.E.},
  title = {Historical contingency and the evolution of a key innovation in an
	experimental population of \textit{{E}scherichia coli}},
  journal = {Proceedings of the National Academy of Sciences },
  year = {2008},
  volume = {105},
  pages = {7899-7906},
  number = {23},
  owner = {SFINLAY},
  timestamp = {2014.04.22}
}

@ARTICLE{Bock1994,
  author = {Bock, W.},
  title = {Concepts and methods in ecomorphology},
  journal = {Journal of Biosciences},
  year = {1994},
  volume = {19},
  pages = {403-413},
  number = {4},
  keywords = {Biomedical and Life Sciences},
  owner = {SFINLAY},
  timestamp = {2014.04.22}
}

@ARTICLE{Boitani2011,
  author = {Boitani, L. and Maiorano, L. and Baisero, D. and Falcucci, A. and
	Visconti, P. and Rondinini, C.},
  title = {What spatial data do we need to develop global mammal conservation
	strategies?},
  journal = {Philosophical transactions of the Royal Society of London. Series
	B, Biological sciences},
  year = {2011},
  volume = {366},
  pages = {2623-2632},
  number = {1578},
}

@ARTICLE{Bookstein1997,
  author = {Bookstein, F.L.},
  title = {Landmark methods for forms without landmarks: morphometrics of group
	differences in outline shape},
  journal = {Medical Image Analysis},
  year = {1997},
  volume = {1},
  pages = {225-243},
  number = {3}
}

@ARTICLE{Bookstein1996,
  author = {Bookstein, F.L.},
  title = {Landmark methods for forms without landmarks: localizing group differences
	in outline shape},
  journal = {Mathematical Methods in Biomedical Image Analysis, 1996., Proceedings
	of the Workshop on},
  year = {1996},
  pages = {279-289},
  owner = {SFINLAY},
  timestamp = {2014.04.22}
}

@ARTICLE{Bornholdt2007,
  author = {Bornholdt, R. and Oliveira, L.R. and Fabi\'an, M.E.},
  title = {Size and shape variability in the skull of \textit{{M}yotis nigricans}
	({S}chinz, 1821) ({C}hiroptera: {V}espertilionidae) from two geographic
	areas in Brazil},
  journal = {Brazilian Journal of Biology},
  year = {2007},
  volume = {68},
  pages = {623-631},
  number = {3},
  owner = {SFINLAY},
  timestamp = {2014.04.22}
}

@ARTICLE{Bornholdt2008,
  author = {Bornholdt, R. and Oliveira, L. R. and Fabi\'an, M. E.},
  title = {Size and shape variability in the skull of \textit{Myotis nigricans}
	(Schinz, 1821) (Chiroptera: Vespertilionidae) from two geographic
	areas in Brazil},
  journal = {Brazilian Journal of Biology},
  year = {2008},
  volume = {68},
  pages = {623-631},
  number = {3},
}

@ARTICLE{Bou1987,
  author = {Bou, J. and Casinos, A. and Oca\~na, J.},
  title = {Allometry of the limb long bones of insectivores and rodents},
  journal = {Journal of Morphology},
  year = {1987},
  volume = {192},
  pages = {113-123},
  number = {2},
}

@ARTICLE{Breno2011,
  author = {Breno, M. and Leirs, H. and Van Dongen, S.},
  title = {Traditional and geometric morphometrics for studying skull morphology
	during growth in \textit{{M}astomys natalensis} ({R}odentia: {M}uridae)},
  journal = {Journal of Mammalogy},
  year = {2011},
  volume = {92},
  pages = {1395-1406},
  number = {6},
  owner = {SFINLAY},
  timestamp = {2014.04.22}
}

@ARTICLE{Broennimann2012,
  author = {Broennimann, O. and Fitzpatrick, M.C. and Pearman, P.B. and Petitpierre,
	B. and Pellissier, L. and Yoccoz, N.G. and Thuiller, W. and Fortin,
	M.J. and Randin, C. and Zimmermann, N.E. and Graham, C.H. and Guisan,
	A.},
  title = {Measuring ecological niche overlap from occurrence and spatial environmental
	data},
  journal = {Global Ecology and Biogeography},
  year = {2012},
  volume = {21},
  pages = {481-497},
  number = {4},
  keywords = {Centaurea stoebe ecological niche model kernel density niche conservatism
	niche equivalency niche similarity ordination Solenopsis invicta
	species distribution model virtual species},
  owner = {SFINLAY},
  timestamp = {2014.04.22}
}

@PHDTHESIS{Bronner1995,
  author = {Bronner, G.N.},
  title = {Systematic revision of the golden mole genera \textit{Amblysomus}, \textit{Chlorotalpa}
	and \textit{Calcochloris} (Insectivora: Chrysochloromorpha; Chrysochloridae)},
  year = {1995},
  university = {University of Natal},
  notes = {University of Natal}	
}

@ARTICLE{Brusatte2008,
  author = {Brusatte, S.L. and Benton, M.J. and Ruta, M. and Lloyd, G.T.},
  title = {Superiority, competition and opportunism in the evolutionary radiation
	of dinosaurs},
  journal = {Science},
  year = {2008},
  volume = {321},
  pages = {1485-1488},
  owner = {SFINLAY},
  timestamp = {2014.04.22}
}

@ARTICLE{Brusatte2008a,
  author = {Brusatte, S.L. and Benton, M.J. and Ruta, M. and Lloyd, G.T.},
  title = {The first 50 Myr of dinosaur evolution: macroevolutionary pattern
	and morphological disparity},
  journal = {Biology Letters},
  year = {2008},
  volume = {4},
  pages = {733-736},
  owner = {SFINLAY},
  timestamp = {2014.04.22}
}

@ARTICLE{Byrnes2011,
  author = {Byrnes, G. and Spence, A.J.},
  title = {Ecological and biomechanical insights into the evolution of gliding
	in mammals},
  journal = {Integrative and Comparative Biology},
  year = {2011},
  volume = {51},
  pages = {991-1001},
  number = {6},
}

@ARTICLE{Campione2012,
  author = {Campione, N.E. and Evans, D.C.},
  title = {A universal scaling relationship between body mass and proximal limb
	bone dimensions in quadrupedal terrestrial tetrapods},
  journal = {Bmc Biology},
  year = {2012},
  volume = {10},
  number = {60},
  owner = {SFINLAY},
  timestamp = {2014.04.22}
}

@MISC{Cardini2012,
  author = {Cardini, A.},
  title = {Geometric morphometrics. {A}rticle definition for {E}ncyclopedia
	of {L}ife {S}upport {S}ystems},
  year = {2012},
  owner = {SFINLAY},
  timestamp = {2014.04.22}
}

@ARTICLE{Cardini2003,
  author = {Cardini, A.},
  title = {The geometry of the marmot ({R}odentia: {S}ciuridae) mandible: phylogeny
	and patterns of morphological evolution},
  journal = {Systematic Biology},
  year = {2003},
  volume = {52},
  pages = {186-205},
  number = {2},
}

@ARTICLE{Cardini2008,
  author = {Cardini, A. and Elton, S.},
  title = {Does the skull carry a phylogenetic signal? {E}volution and modularity
	in the guenons},
  journal = {Biological Journal of the Linnean Society},
  year = {2008},
  volume = {93},
  pages = {813-834},
  owner = {SFINLAY},
  timestamp = {2014.04.22}
}

@ARTICLE{Cardini2003a,
  author = {Cardini, A. and Tongiorgi, P.},
  title = {Yellow-bellied marmots (\textit{{M}armota flaviventris}) 'in the
	shape space' ({R}odentia, {S}ciuridae): sexual dimorphism, growth
	and allometry of the mandible},
  journal = {Zoomorphology},
  year = {2003},
  volume = {122},
  pages = {11-23},
  owner = {SFINLAY},
  timestamp = {2014.04.22}
}

@ARTICLE{Caro2009,
  author = {Caro, T.},
  title = {Contrasting coloration in terrestrial mammals},
  journal = {Philosophical Transactions of the Royal Society B: Biological Sciences},
  year = {2009},
  volume = {364},
  pages = {537-548},
  number = {1516},
}

@ARTICLE{Carraway1996,
  author = {Carraway, L.N. and Verts, B.J. and Jones, M.L. and Whitaker, J.J.Jr.},
  title = {A search for age-related changes in bite force and diet in shrews},
  journal = {American Midland Naturalist},
  year = {1996},
  volume = {135},
  pages = {231-240},
  number = {2},
  owner = {SFINLAY},
  timestamp = {2014.04.22}
}

@ARTICLE{Caumul2005,
  author = {Caumul, R. and Polly, P. D.},
  title = {Phylogenetic and environmental components of morphological variation:
	skull, mandible and molar shape in marmots ({M}armota, {R}odentia)
	},
  journal = {Evolution},
  year = {2005},
  volume = {59},
  pages = {2460-2472},
  number = {11},
  keywords = {Geometric morphometrics Marmota maximum-likelihood morphology phylogeny.},
  owner = {SFINLAY},
  timestamp = {2014.04.22}
}

@ARTICLE{Chernova2002,
  author = {Chernova, O.F.},
  title = {New findings of a specialized spine cuticle in porucpines ({R}odentia:
	{H}ystricomorpha) and {T}enrecs ({I}nsectivora: {T}enrecidae)},
  journal = {Doklady Biological Sciences},
  year = {2002},
  volume = {384},
  pages = {570-573},
  number = {4},
  owner = {SFINLAY},
  timestamp = {2014.04.22}
}

@ARTICLE{Christiansen1999,
  author = {Christiansen, P.},
  title = {Scaling of mammalian long bones: small and large mammals compared},
  journal = {Journal of Zoology, London},
  year = {1999},
  volume = {247},
  pages = {333-348},
  owner = {SFINLAY},
  timestamp = {2014.04.22}
}

@ARTICLE{Ciampaglio2001,
  author = {Ciampaglio, C.N. and Kemp, M. and McShea, D.W.},
  title = {Detecting changes in morphospace occupation patterns in the fossil
	record: characterization and analysis of measures of disparity},
  journal = {Paleobiology},
  year = {2001},
  volume = {27},
  pages = {695-715},
  number = {4},
  owner = {SFINLAY},
  timestamp = {2014.04.22}
}

@ARTICLE{Clark2005,
  author = {Clark, V. and Raxworthy, C. and Rakotomalala, V. and Sierwald, P.
	and Fisher, B.},
  title = {Convergent evolution of chemical defense in poison frogs and arthropod
	prey between {M}adagascar and the {N}eotropics},
  journal = {Proceedings of the National Academy of Sciences of the United States
	of America},
  year = {2005},
  volume = {102},
  pages = {11617-11622},
  number = {33},
}

@ARTICLE{Collar2005,
  author = {Collar, D.C. and Near, T.J. and Wainwright, P.C.},
  title = {Comparative analysis of morphological diversity: does disparity accumulate
	at the same rate in two lineages of centrarchid fishes?},
  journal = {Evolution},
  year = {2005},
  volume = {59},
  pages = {1783-1794},
  number = {8},
  keywords = {Brownian motion functional morphology Lepomis Micorpterus rate of
	morphological evolution},
  owner = {SFINLAY},
  timestamp = {2014.04.22}
}

@ARTICLE{Collar2013,
  author = {Collar, D.C. and Reynaga, C.M. and Ward, A.B. and Mehta, R.S.},
  title = {A revised metric for quantifying body shape in vertebrates},
  journal = {Zoology},
  year = {2013},
  owner = {SFINLAY},
  timestamp = {2014.04.22}
}

@ARTICLE{Collar2011,
  author = {Collar, D. and Schulte, J. and Losos, J.},
  title = {Evolution of extreme body size disparity in monitor lizards (\textit{{V}aranus})},
  journal = {Evolution},
  year = {2011},
  volume = {65},
  pages = {2664-2680},
  number = {9},
}

@ARTICLE{Collen2011,
  author = {Collen, B. and Turvey, S.T. and Waterman, C. and Meredith, H.M. and
	Kuhn, T.S. and Baillie, J.E. and Isaac, N.J.},
  title = {Investing in evolutionary history: implementing a phylogenetic approach
	for mammal conservation},
  journal = {Philosophical transactions of the Royal Society of London. Series
	B, Biological sciences},
  year = {2011},
  volume = {366},
  pages = {2611-2622},
  number = {1578},
}

@MISC{Conway-Morris2012,
  author = {Conway-Morris, S.},
  title = {Map of Life - What is evolutionary convergence?},
  year = {2012},
  number = {17th October},
  owner = {SFINLAY},
  timestamp = {2014.04.22},
  volume = {2012}
}

@ARTICLE{Conway-Morris2006,
  author = {Conway-Morris, S.},
  title = {Evolutionary convergence},
  journal = {Current biology},
  year = {2006},
  volume = {16},
  pages = {7},
  number = {19},
  owner = {SFINLAY},
  timestamp = {2014.04.22}
}

@ARTICLE{Cooper2009,
  author = {Cooper, N. and Purvis, A.},
  title = {What factors shape rates of phenotypic evolution? {A} comparative
	study of cranial morphology of four mammalian clades},
  journal = {Journal of Evolutionary Biology},
  year = {2009},
  volume = {22},
  pages = {1024-1035},
  number = {5},
  keywords = {basal metabolic rate body mass Marmotini node density effect phylogenetic
	generalized linear model Phalangeriformes Phyllostomidae Platyrrhini
	temperature},
  owner = {SFINLAY},
  timestamp = {2014.04.22}
}

@ARTICLE{Crottini2012,
  author = {Crottini, A. and Madsen, O. and Poux, C. and Strau\ss, A. and Vieites,
	D.R. and Vences, M.},
  title = {Vertebrate time-tree elucidates the biogeographic pattern of a major
	biotic change around the {K}-{T} boundary in {M}adagascar},
  journal = {Proceedings of the National Academy of Sciences},
  year = {2012},
  volume = {109},
  pages = {5358-5363},
  number = {14},
}

@ARTICLE{Crumpton2012,
  author = {Crumpton, N. and Thompson, R.S.},
  title = {The holes of moles: {O}steological correlates of the trigeminal nerve
	in {T}alpidae},
  journal = {Journal of Mammalian Evolution},
  year = {2012},
  owner = {SFINLAY},
  timestamp = {2014.04.22}
}

@ARTICLE{Dammhahn2013,
  author = {Dammhahn, M. and Soarimalala, V. and Goodman, S.M.},
  title = {Trophic niche differentiation and microhabitat utilization in a species-rich
	montane forest small mammal community of {E}astern {M}adagascar},
  journal = {Biotropica},
  year = {2013},
  volume = {45},
  pages = {111-118},
  number = {1},
  owner = {SFINLAY},
  timestamp = {2014.04.22}
}

@ARTICLE{Davies2007,
  author = {Davies, J.T. and Meiri, S. and Barraclough, T.G. and Gittleman, J.L.},
  title = {Species co-existence and character divergence across carnivores},
  journal = {Ecology Letters},
  year = {2007},
  volume = {10},
  pages = {146-152},
  number = {2},
  keywords = {Carnivores character displacement co-existence competition dentition
	ecological species sorting phylogeny},
  owner = {SFINLAY},
  timestamp = {2014.04.22}
}

@ARTICLE{Davis2010,
  author = {Davis, A.K. and Castleberry, S.B.},
  title = {Pelage color of red bats \textit{{L}asiurus borealis} varies with
	body size: {A}n image analysis of museum specimens},
  journal = {Current Zoology},
  year = {2010},
  volume = {56},
  pages = {401-405},
  number = {4},
  owner = {SFINLAY},
  timestamp = {2014.04.22}
}

@Misc{Davis1997,
  title = {The {M}ammals of {T}exas - {O}nline {E}dition},
  author = {Davis, W.B. and Schmidly, D.J.},
  year = {1997},
  publisher = {Texas Tech University},
howpublished={\url{http://www.nsrl.ttu.edu/tmot1/Default.htm}},
  url = {http://www.nsrl.ttu.edu/tmot1/Default.htm}
}

@BOOK{Dawkins1996,
  title = {Climbing mount improbable},
  publisher = {W.W. Norton \& Company Inc.},
  year = {1996},
  author = {Dawkins, R.},
  pages = {333},
  address = {New York},
  owner = {SFINLAY},
  timestamp = {2014.04.22}
}

@ARTICLE{Dewar2007,
  author = {Dewar, R.E. and Richard, A.F.},
  title = {Evolution in the hypervariable environment of {M}adagascar},
  journal = {Proceedings of the National Academy of Sciences},
  year = {2007},
  volume = {104},
  pages = {13723-13727},
  number = {34},
}

@MISC{discoverlife2012,
  author = {discoverlife},
  title = {\textit{{P}arascalops breweri}},
  year = {2012},
  number = {21/10/2012},
  owner = {SFINLAY},
  timestamp = {2014.04.22}
}

@ARTICLE{Donley2004,
  author = {Donley, J. and Sepulveda, C. and Konstantinidis, P. and Gemballa,
	S. and Shadwick, R.},
  title = {Convergent evolution in mechanical design of lamnid sharks and tunas},
  journal = {Nature},
  year = {2004},
  volume = {429},
  pages = {61-65},
  number = {6987},
}

@ARTICLE{Dormann2010,
  author = {Dormann, C. and Gruber, B. and Winter, M. and Herrmann, D.},
  title = {Evolution of climate niches in {E}uropean mammals?},
  journal = {Biology letters},
  year = {2010},
  volume = {6},
  pages = {229-232},
  number = {2},
}

@ARTICLE{Drake2008,
  author = {Drake, A. and Klingenberg, C.},
  title = {The pace of morphological change: historical transformation of skull
	shape in {S}t {B}ernard dogs},
  journal = {Proceedings of the Royal Society B: Biological Sciences},
  year = {2008},
  volume = {275},
  pages = {71-76},
  number = {1630},
}

@ARTICLE{Drexl2003,
  author = {Drexl, M. and Faulstich, M. and Von Stebut, B. and Radtke-Schuller,
	S. and K\"ossl, M.},
  title = {Distortion product otoacoustic emissions and auditory evoked potentials
	in the hedgehog tenrec, \textit{{E}chinops telfairi}},
  journal = {Journal of the Association for Research in Otolaryngology },
  year = {2003},
  volume = {4},
  pages = {555-564},
  number = {4},
}

@INPROCEEDINGS{Edwards,
  author = {Edwards, D. S. and Allen, R. and Papadopoulos, T. and Rowan, D. and
	Kim, S. Y. and Wilmot-Brown, L.},
  title = {Investigations of mammalian echolocation},
  booktitle = {Engineering in Medicine and Biology Society, 2009. EMBC 2009. Annual
	International Conference of the IEEE},
  pages = {7184-7187},
  keywords = {bioacoustics mechanoception bat frequency spectrums human audible
	frequency range mammalian echolocation psychoacoustics Animals Biomedical
	Engineering Chiroptera Echolocation Humans Models, Biological Species
	Specificity},
  owner = {SFINLAY},
  timestamp = {2014.04.22}
}

@ARTICLE{Eisenberg1969,
  author = {Eisenberg, J. F. and Gould, E.},
  title = {The {T}enrecs: {A} {S}tudy in {M}ammalian {B}ehaviour and {E}volution},
  journal = {Smithsonian Contributions to Zoology},
  year = {1969},
  volume = {27},
  pages = {1-152},
  owner = {SFINLAY},
  timestamp = {2014.04.22}
}

@ARTICLE{Elias2008,
  author = {Elias, M. and Gompert, Z. and Jiggins, C. and Willmott, K.},
  title = {Mutualistic interactions drive ecological niche convergence in a
	diverse butterfly community},
  journal = {PLoS biology},
  year = {2008},
  volume = {6},
  pages = {2642-2649},
  number = {12},
}

@ARTICLE{Elith2006,
  author = {Elith, J. and Graham, C.H. and Anderson, R.P. and Dud\'ik, M. and
	Ferrier, S. and Guisan, A. and Hijmans, R.L. and Huettmann, F. and
	Leathwick, J.R. and Lehmann, A. and Li, J. and Lohmann, L.G. and
	Loiselle, B.A. and Manion, G. and Moritz, C. and Nakamura, M. and
	Nakazawa, Y. and Overton, J.C.M. and Townsend Peterson, A. and Phillips,
	S.J. and Richardson, K. and Scachetti-Pereira, R. and Schapire, R.E.
	and Sober\'on, J. and Williams, S. and Wisz, M.S. and Zimmermann,
	N.E.},
  title = {Novel methods improve prediction of species' distributions from occurrence
	data},
  journal = {Ecography},
  year = {2006},
  volume = {29},
  pages = {129-151},
  owner = {SFINLAY},
  timestamp = {2014.04.22}
}

@ARTICLE{Endo2010,
  author = {Endo, H. and Koyabu, D. and Kimura, J. and Rakotondraparany, F. and
	Matsui, A. and Yonezawa, T. and Shinohara, A. and Hasegawa, M.},
  title = {A quill vibrating mechanism for a sounding apparatus in the streaked
	tenrec (\textit{{H}emicentetes semispinosus})},
  journal = {Zoological science},
  year = {2010},
  volume = {27},
  pages = {427-432},
  number = {5},
}

@ARTICLE{Endo2006,
  author = {Endo, H. and Yonezawa, T. and Rakotondraparany, F. and Sasaki, M.
	and Hasegawa, M.},
  title = {The adaptational strategies of the hindlimb muscles in the {T}enrecidae
	species including the aquatic web-footed tenrec (\textit{{L}imnogale
	mergulus})},
  journal = {Annals of Anatomy - Anatomischer Anzeiger},
  year = {2006},
  volume = {188},
  pages = {383-390},
  number = {4},
  keywords = {Hindlimb muscles Limnogale mergulus Locomotion Tenrecidae Web-footed
	tenrec},
  owner = {SFINLAY},
  timestamp = {2014.04.22}
}

@ARTICLE{Erwin2007,
  author = {Erwin, D.H.},
  title = {Disparity: morphological pattern and developmental context },
  journal = {Palaeontology},
  year = {2007},
  volume = {50},
  pages = {57-73},
  number = {1},
  keywords = {Morphological disparity morphospace evolutionary radiation ecomorphology
	theoretical morphology},
  owner = {SFINLAY},
  timestamp = {2014.04.22}
}

@ARTICLE{Fadda1997,
  author = {Fadda, C. and Faggiani, F. and Corti, M.},
  title = {A portable device for the three dimensional landmark collection of
	skeletal elements of small mammals},
  journal = {Mammalia,},
  year = {1997},
  volume = {61},
  pages = {622-627},
  number = {4},
  owner = {SFINLAY},
  timestamp = {2014.04.22}
}

@ARTICLE{Fang1997,
  author = {Fang, Y.P. and Lee, L.L. and Yew, F.H. and Yu, H.T.},
  title = {Systematics of white-toothed shrews ( \textit{{C}rocidura} ) ({M}ammalia:
	{I}nsectivora: {S}oricidae) of {T}aiwan: {K}aryological and morphological
	studies},
  journal = {Journal of Zoology},
  year = {1997},
  volume = {242},
  pages = {151-166},
  owner = {SFINLAY},
  timestamp = {2014.04.22}
}

@Misc{Finlay2013d,
  title = {"{I}nsectivore" mammal skulls, dorsal view},
  author = {Finlay, S., and Cooper, N.,},
  month = {05},
  howpublished={\url{http://dx.doi.org/10.6084/m9.figshare.705863}},
  year = {2013},
  owner = {SFINLAY},
  timestamp = {2014.10.02},
  url = {http://dx.doi.org/10.6084/m9.figshare.705863}
}


@Misc{Finlay2013l,
  title = {{"Insectivore" mammal skulls, lateral view}},
  author = {Finlay, S., and Cooper, N.,},
  month = {06},
  howpublished={\url{http://dx.doi.org/10.6084/m9.figshare.715890}}, 
  year = {2013},
  url = {http://dx.doi.org/10.6084/m9.figshare.715890}
}

@Misc{Finlay2013m,
  author = {Finlay, S., and Cooper, N.,},
  title = {{"Insectivore" mammal mandibles}},
  howpublished={\url{http://dx.doi.org/10.6084/m9.figshare.717187}},  
  year = {2013},
  month = {06},
  url = {http://dx.doi.org/10.6084/m9.figshare.717187}
}

@Misc{Finlay2013v,
  title = {{"Insectivore" mammal skulls, ventral view}},
  author = {Finlay, S., and Cooper, N.,},
  month = {06},
  year = {2013},
  howpublished = {\url{http://dx.doi.org/10.6084/m9.figshare.715841}},
  url = {http://dx.doi.org/10.6084/m9.figshare.715841}
}

@ARTICLE{Fischer2002,
  author = {Fischer, M.S. and Schilling, N. and Schmidt, M. and Haarhaus, D.
	and Witte, H.},
  title = {Basic limb kinematics of small therian mammals},
  journal = {Journal of Experimental Biology},
  year = {2002},
  volume = {205},
  pages = {1315-1338},
  owner = {SFINLAY},
  timestamp = {2014.04.22}
}

@ARTICLE{Fleischer2008,
  author = {Fleischer, R. and James, H. and Olson, S.},
  title = {Convergent evolution of {H}awaiian and {A}ustralo-{P}acific honeyeaters
	from distant songbird ancestors},
  journal = {Current biology},
  year = {2008},
  volume = {18},
  pages = {1927-1931},
  number = {24},
}

@ARTICLE{Foote1997,
  author = {Foote, M.},
  title = {The evolution of morphological diversity},
  journal = {Annual Review of Ecology and Systematics},
  year = {1997},
  volume = {28},
  pages = {129-152},
  owner = {SFINLAY},
  timestamp = {2014.04.22}
}

@ARTICLE{Foote1993,
  author = {Foote, M.},
  title = {Contributions of individual taxa to overall morphological disparity},
  journal = {Paleobiology},
  year = {1993},
  volume = {19},
  pages = {403-419},
  number = {4},
  owner = {SFINLAY},
  timestamp = {2014.04.22}
}

@ARTICLE{Foote1991,
  author = {Foote, M.},
  title = {Morphological and taxonomic diversity in a clade's history: the blastoid
	record and stochastic simulations},
  journal = {University of Michigan, Museum of Paleontology Contributions},
  year = {1991},
  volume = {28},
  pages = {101-140},
  number = {6}
}

@ARTICLE{Foth2012,
  author = {Foth, C. and Brusatte, S. and Butler, R.},
  title = {Do different disparity proxies converge on a common signal? {I}nsights
	from the cranial morphometrics and evolutionary history of \textit{{P}terosauria}
	({D}iapsida: {A}rchosauria)},
  journal = {Journal of Evolutionary Biology},
  year = {2012},
  volume = {25},
  pages = {904-915},
  number = {5},
}

@ARTICLE{Freckleton2009,
  author = {Freckleton, R.},
  title = {The seven deadly sins of comparative analysis},
  journal = {Journal of evolutionary biology},
  year = {2009},
  volume = {22},
  pages = {1367-1375},
  number = {7},
}

@ARTICLE{Freckleton2006,
  author = {Freckleton, R. and Harvey, P.},
  title = {Detecting non-{B}rownian trait evolution in adaptive radiations},
  journal = {PLoS biology},
  year = {2006},
  volume = {4},
  number = {11},
}

@ARTICLE{Frost1991,
  author = {Frost, D.R. and Wozencraft, W.C. and Hoffmann, R.S.},
  title = {Phylogenetic relationships of hedgehogs and gymnures ({M}ammalia:
	{I}nsectivora: {E}rinaceidae)},
  journal = {Smithsonian Contributions to Zoology},
  year = {1991},
  volume = {518},
  pages = {1-69},
  owner = {SFINLAY},
  timestamp = {2014.04.22}
}

@BOOK{Futuyma1998,
  title = {Evolutionary {B}iology, third ed.},
  publisher = {Sinauer Associates Inc.},
  year = {1998},
  author = {Futuyma, D.J.},
  address = {Sunderland},
  owner = {SFINLAY},
  timestamp = {2014.04.22}
}

@ARTICLE{GomezCano2013,
  author = {G\'omez Cano, A. and Hern\'andez Fern\'andez, M. and Alvarez-Sierra,
	M.},
  title = {Dietary ecology of {M}urinae ({M}uridae, {R}rodentia): a geometric
	morphometric approach},
  journal = {PloS one},
  year = {2013},
  volume = {8},
  pages = {e79080},
  number = {11},
}

@BOOK{Garbutt1999,
  title = {Mammals of {M}adagascar},
  publisher = {Pica Press},
  year = {1999},
  author = {Garbutt, N.},
  address = {Sussex},
  owner = {SFINLAY},
  timestamp = {2014.04.22}
}


@ARTICLE{Gavrilets2009,
  author = {Gavrilets, S. and Losos, J.B.},
  title = {Adaptive radiation: contrasting theory with data},
  journal = {Science},
  year = {2009},
  volume = {323},
  pages = {732-736},
}

@ARTICLE{Ge2012,
  author = {Ge, D. and Lissovsky, A.A. and Xia, L. and Cheng, C. and Smith, A.T.
	and Yang, Q.},
  title = {Reevaluation of several taxa of {C}hinese lagomorphs ({M}ammalia:{L}agomorpha)
	described on the basis of pelage phenotype variation},
  journal = {Mammalian Biology},
  year = {2012},
  volume = {77},
  pages = {113-123},
  owner = {SFINLAY},
  timestamp = {2014.04.22}
}

@ARTICLE{Glor2010,
  author = {Glor, R.E.},
  title = {Phylogenetic insights on adaptive radiation},
  journal = {Annual Review of Ecology, Evolution, and Systematics},
  year = {2010},
  volume = {41},
  pages = {251-270}
}

@INBOOK{Goodman2003,
  pages = {1159-1186},
  title = {Mammals},
  publisher = {The University of Chicago Press},
  year = {2003},
  editor = {Goodman, S.M. and Benstead, J.P.},
  author = {Goodman, S.M. and Ganzhorn, J.U. and Rakotondravony, D.},
  booktitle = {The Natural History of Madagascar},
  owner = {SFINLAY},
  timestamp = {2014.04.22}
}

@ARTICLE{Goodman2000,
  author = {Goodman, S.M. and Rakotondravony, D.},
  title = {The effects of forest fragmentation and isolation on insectivorous
	small mammals ({L}ipotyphla) on the {C}entral {H}igh {P}lateau of
	{M}adagascar},
  journal = {Journal of Zoology},
  year = {2000},
  volume = {250},
  pages = {193-200},
  number = {2},
  keywords = {forest fragmentation forest isolation Lipotyphla species richness
	Madagascar},
  owner = {SFINLAY},
  timestamp = {2014.04.22}
}

@ARTICLE{Goodman2006,
  author = {Goodman, S. M. and Raxworthy, C. J. and Maminirina, C. P. and Olson,
	L. E.},
  title = {A new species of shrew tenrec (\textit{{M}icrogale jobihely}) from
	northern {M}adagascar},
  journal = {Journal of Zoology},
  year = {2006},
  volume = {270},
  pages = {384-398},
  number = {2},
  keywords = {new species Tenrecidae Oryzorictinae Microgale Madagascar},
  owner = {SFINLAY},
  timestamp = {2014.04.22}
}

@ARTICLE{Goswami2011,
  author = {Goswami, A. and Milne, N. and Wroe, S.},
  title = {Biting through constraints: cranial morphology, disparity and convergence
	across living and fossil carnivorous mammals},
  journal = {Proceedings of the Royal Society B: Biological Sciences},
  year = {2011},
  volume = {278},
  pages = {1831-1839},
  number = {1713},
}

@ARTICLE{Gould1965,
  author = {Gould, E.},
  title = {Evidence for echolocation in the {T}enrecidae of {M}adagascar},
  journal = {Proceedings of the American Philosophical Society},
  year = {1965},
  volume = {109},
  pages = {352-360},
  number = {6},
  owner = {SFINLAY},
  timestamp = {2014.04.22}
}

@ARTICLE{Gould1966,
  author = {Gould, E. and Eisenberg, J. F.},
  title = {Notes on the biology of the {T}enrecidae},
  journal = {Journal of Mammalogy},
  year = {1966},
  volume = {47},
  pages = {660-686},
  number = {4},
}

@ARTICLE{Gould1964,
  author = {Gould, E. and Negus, N. and Novick, A.},
  title = {Evidence for echolocation in shrews},
  journal = {The Journal of Experimental Zoology},
  year = {1964},
  volume = {156},
  pages = {19-37},
  owner = {SFINLAY},
  timestamp = {2014.04.22}
}

@ARTICLE{Guillot2012,
  author = {Guillot, G. and Renaud, S. and Ledevin, R. and Michaux, J. and Claude,
	J.},
  title = {A unifying model for the analysis of phenotypic, genetic, and geographic
	data},
  journal = {Systematic biology},
  year = {2012},
  volume = {61},
  pages = {897-911},
  number = {6},
  owner = {SFINLAY},
  timestamp = {2014.04.22}
}

@ARTICLE{Gunz2013,
  author = {Gunz, P. and Mitteroecker, P.},
  title = {Semilandmarks: a method for quantifying curves and surfaces},
  journal = {Hystrix},
  year = {2013},
  volume = {24},
  pages = {103-109},
  number = {1}
}

@ARTICLE{Guralnick2009,
  author = {Guralnick, R. and Hill, A.},
  title = {Biodiversity informatics: automated approaches for documenting global
	biodiversity patterns and processes},
  journal = {Bioinformatics},
  year = {2009},
  volume = {25},
  pages = {421-428},
  number = {4},
  owner = {SFINLAY},
  timestamp = {2014.04.22}
}

@ARTICLE{Haines2000,
  author = {Haines, A. John and Crampton, James S.},
  title = {Improvements to the method of fourier shape analysis as applied in
	morphometric studies},
  journal = {Palaeontology},
  year = {2000},
  volume = {43},
  pages = {765-783},
  number = {4},
  owner = {SFINLAY},
  timestamp = {2014.04.22}
}

@ARTICLE{Harmon2010,
  author = {Harmon, L.J. and Glor, R.E.},
  title = {Poor statistical performance of the Mantel test in phylogenetic comparative
	analyses},
  journal = {Evolution},
  year = {2010},
  volume = {64},
  pages = {2173-2178},
  number = {7},
  owner = {SFINLAY},
  timestamp = {2014.04.22}
}

@ARTICLE{Harmon2005,
  author = {Harmon, L.J. and Kolbe, J.J. and Cheverud, J.M. and Losos, J.B.},
  title = {Convergence and the multidimensional niche},
  journal = {Evolution},
  year = {2005},
  volume = {59},
  pages = {409-421},
  number = {2},
  keywords = {Anolis Convergent evolution Ecomorphology Geomitric Morphomitrics
	Mantel test},
  owner = {SFINLAY},
  timestamp = {2014.04.22}
}

@ARTICLE{Harmon2010a,
  author = {Harmon, L.J. and Losos, J.B. and Jonathan D.T. and Gillespie, R.G.
	and Gittleman, J.L. and Bryan J.W. and Kozak, K.H. and McPeek, M.A.
	and Moreno-Roark, F. and Near, T.J. and Purvis, A. and Ricklefs,
	R.E. and Schluter, D. and Schulte II, J.A. and Seehausen, O. and
	Sidlauskas, B.L. and Torres-Carvajal, O. and Weir, J.T. and Mooers,
	A.},
  title = {Early bursts of body size and shape evolution are rare in comparative
	data},
  journal = {Evolution},
  year = {2010},
  volume = {64},
  pages = {2385-2396},
  number = {8},
  keywords = {Adaptive radiation Brownian motion comparative methods model fitting
	phylogeny},
  owner = {SFINLAY},
  timestamp = {2014.04.22}
}

@ARTICLE{Harmon2003,
  author = {Harmon, L.J. and Schulte, J.A. and Larson, A. and Losos, J. B.},
  title = {Tempo and mode of evolutionary radiation in iguanian lizards},
  journal = {Science},
  year = {2003},
  volume = {301},
  pages = {961-964},
  owner = {SFINLAY},
  timestamp = {2014.04.22}
}

@ARTICLE{Harmon2008,
  author = {LJ Harmon and JT Weir and CD Brock and RE Glor and W Challenger},
  title = {G{E}{I}{G}{E}{R}: investigating evolutionary radiations},
  journal = {Bioinformatics},
  year = {2008},
  volume = {24},
  pages = {129-131}
}

@ARTICLE{Harris1997,
  author = {Harris, M.A. and Steudel, K.},
  title = {Ecological correlates of hind-limb length in {C}arnivora},
  journal = {Journal of Zoology, London},
  year = {1997},
  volume = {241},
  pages = {381-408},
  owner = {SFINLAY},
  timestamp = {2014.04.22}
}

@ARTICLE{He2012,
  author = {He, Kai and Chen, Jian-Hai and Gould, Gina and Yamaguchi, Nobuyuki
	and Ai, Huai-Sen and Wang, Ying-Xiang and Zhang, Ya-Ping and Jiang,
	Xue-Long},
  title = {An estimation of {E}rinaceidae phylogeny: a combined analysis approach},
  journal = {PloS one},
  year = {2012},
  volume = {7},
  number = {6},
  owner = {SFINLAY},
  timestamp = {2014.04.22}
}


@ARTICLE{HijFmans2005,
  author = {Hijmans, R.L. and Cameron, S.E. and Parra, J.L. and Jones, P.G. and
	Jarvis, A.},
  title = {Very high resolution interpolated climate surfaces for global land
	areas},
  journal = {International Journal of Climatology},
  year = {2005},
  volume = {25},
  pages = {1965-1978},
  owner = {SFINLAY},
  timestamp = {2014.04.22}
}

@INBOOK{Hoffmann2008,
  pages = {192-297},
  title = {{O}rder {E}rinaceomorpha},
  publisher = {Princeton University Press},
  year = {2008},
  editor = {Smith, A.T. and Xie, Y. and Hoffmann, R.S. and Lunde, D. and MacKinnon,
	J. and Wilson, D.E. and Wozencraft W.C.},
  author = {Hoffmann, {R}.{S}. and {L}unde, {D}.},
  address = {Oxfordshire, UK},
  booktitle = {A {G}uide to the {M}ammals of {C}hina}
}


@ARTICLE{Holmes1995,
  author = {Holmes, D.J. and Austad, S.N.},
  title = {The evolution of avian senescence patterns: implications for understanding
	primary aging processes},
  journal = {American Zoologist},
  year = {1995},
  volume = {35},
  pages = {307-317},
  number = {4},
  owner = {SFINLAY},
  timestamp = {2014.04.22}
}

@ARTICLE{Holmes1994,
  author = {Holmes, D.J. and Austad, S.N.},
  title = {Fly now, die later: life-history correlates of gliding and flying
	in mammals},
  journal = {Journal of Mammalogy},
  year = {1994},
  volume = {75},
  pages = {224-226},
  number = {1},
  owner = {SFINLAY},
  timestamp = {2014.04.22}
}

@ARTICLE{Holmes2001,
  author = {Holmes, D.J. and Fl\"ukiger, R. and Austad, S.N.},
  title = {Comparative biology of aging in birds: an update},
  journal = {Experimental Gerontology},
  year = {2001},
  volume = {36},
  pages = {869-883},
  owner = {SFINLAY},
  timestamp = {2014.04.22}
}

@ARTICLE{Holmes2003,
  author = {Holmes, D.J. and Ottinger, M.A.},
  title = {Birds as long-lived animal models for the study of aging},
  journal = {Experimental Gerontology},
  year = {2003},
  volume = {38},
  pages = {1365-1375},
  owner = {SFINLAY},
  timestamp = {2014.04.22}
}

@ARTICLE{Holt2009,
  author = {Holt, R.D.},
  title = {Bringing the {H}utchinsonian niche into the 21st century: {E}cological
	and evolutionary perspectives},
  journal = {Proceedings of the National Academy of Sciences},
  year = {2009},
  volume = {106},
  pages = {19659-19665},
  number = {Supplement 2},
}


@ARTICLE{Hopkins2013,
   author = {Hopkins, M.},
   title = {Decoupling of taxonomic diversity and morphological disparity during decline of the {C}ambrian trilobite family {P}terocephaliidae},
   journal = {Journal of Evolutionary Biology},
   volume = {26},
   number = {8},
   pages = {1665-1676},
   year = {2013}
}


@ARTICLE{Hutchinson1957,
  author = {Hutchinson, G.E.},
  title = {Concluding remarks},
  journal = {Cold Spring Harbor Symposia on Quantitative Biology},
  year = {1957},
  volume = {22},
  pages = {415-427},
  number = {2},
  owner = {SFINLAY},
  timestamp = {2014.04.22}
}

@ARTICLE{Ingram2013,
  author = {Ingram, T. and Mahler, L.D. and Hansen, T.},
  title = {S{U}{R}{F}{A}{C}{E}: detecting convergent evolution from comparative
	data by fitting {O}rnstein-{U}hlenbeck models with stepwise {A}kaike
	{I}nformation {C}riterion},
  journal = {Methods in Ecology and Evolution},
  year = {2013},
  volume = {4},
  pages = {416-425},
  owner = {SFINLAY},
  timestamp = {2014.04.22}
}

@ARTICLE{Isaac2007,
  author = {Isaac, N. and Turvey, S. and Collen, B. and Waterman, C. and Baillie,
	J.},
  title = {Mammals on the {E}{D}{G}{E}: conservation priorities based on threat
	and phylogeny},
  journal = {PloS one},
  year = {2007},
  volume = {2},
  number = {3},
}

@ARTICLE{Isbell1994,
  author = {Isbell, L.A.},
  title = {Predation on primates: ecological patterns and evolutionary consequences},
  journal = {Evolutionary Anthropology},
  year = {1994},
  volume = {3},
  pages = {61-71},
  number = {2},
  owner = {SFINLAY},
  timestamp = {2014.04.22}
}

@ARTICLE{Jackson2011,
  author = {Jackson, A.L.. and Inger, R. and Parnell, A.C. and Bearhop, S.},
  title = {Comparing isotopic niche widths among and within communities: {S}{I}{B}{E}{R}
	- {S}table {I}sotope {B}ayesian {E}llipses in {R}},
  journal = {The Journal of animal ecology},
  year = {2011},
  volume = {80},
  pages = {595-602},
  number = {3},
}

@INBOOK{Jenkins2003,
   author = {Jenkins, P.D.},
   title = {\textit{Microgale}, shrew tenrecs},
   booktitle = {The Natural History of Madagascar},
   editor = {Goodman, S.M. and Benstead, J.P.},
   publisher = {The University of Chicago Press},
   address = {Chicago},
   pages = {1273-1278},
   year = {2003}
}


@ARTICLE{Johnson2010,
  author = {Johnson, M.A. and Revell, L.J. and Losos, J.B.},
  title = {Behavioural convergence and adaptive radiation: effects of habitat
	use on territorial behaviour in \textit{{A}nolis} lizards },
  journal = {Evolution},
  year = {2010},
  volume = {64},
  pages = {1151-1159},
  number = {4},
  keywords = {Comparative method display rate ecomorph social organization territory
	overlap visibility},
  owner = {SFINLAY},
  timestamp = {2014.04.22}
}

@ARTICLE{Jones2012,
  author = {Jones, F. and Grabherr, M. and Chan, Y. and Russell, P. and Mauceli,
	E. and Johnson, J. and Swofford, R. and Pirun, M. and Zody, M. and
	White, S. and Birney, E. and Searle, S. and Schmutz, J. and Grimwood,
	J. and Dickson, M. and Myers, R. and Miller, C. and Summers, B. and
	Knecht, A. and Brady, S. and Zhang, H. and Pollen, A. and Howes,
	T. and Amemiya, C. and Broad Institute Genome Sequencing, Platform
	and Whole Genome Assembly, Team and Baldwin, J. and Bloom, T and
	Jaffe, D. and Nicol, R. and Wilkinson, J. and Lander, E. and Di Palma,
	F. and Lindblad-Toh, K. and Kingsley, D.},
  title = {The genomic basis of adaptive evolution in threespine sticklebacks},
  journal = {Nature},
  year = {2012},
  volume = {484},
  pages = {55-61},
  number = {7392},
}

@ARTICLE{Jones2010,
  author = {Jones, G.},
  title = {Molecular evolution: gene convergence in echolocating mammals},
  journal = {Current Biology},
  year = {2010},
  volume = {20},
  pages = {R62-R64},
  number = {2},
  owner = {SFINLAY},
  timestamp = {2014.04.22}
}

@ARTICLE{Jones2005,
  author = {Jones, G.},
  title = {Echolocation},
  journal = {Current Biology},
  year = {2005},
  volume = {15},
  pages = {R484-R488},
  number = {13},
  owner = {SFINLAY},
  timestamp = {2014.04.22}
}

@ARTICLE{Jones2007,
  author = {Jones, G. and Holderied, M.},
  title = {Bat echolocation calls: adaptation and convergent evolution},
  journal = {Proceedings. Biological sciences / The Royal Society},
  year = {2007},
  volume = {274},
  pages = {905-912},
  number = {1612},
}

@ARTICLE{Jones2009,
  author = {Jones, K.E. and Jon, B. and Cardillo, M. and Fritz, S.A. and O'Dell,
	J. and Orme, C D.L. and Safi, K. and Sechrest, W. and Boakes, E.H.
	and Carbone, C. and Connolly, C. and Cutts, M.J. and Foster, J.K.
	and Grenyer, R. and Habib, M. and Plaster, C.A. and Price, S.A. and
	Rigby, E.A. and Rist, J. and Teacher, A. and Bininda-Emonds, O.R.P.
	and Gittleman, J.L. and Mace, G.M. and Purvis, A.},
  title = {Pan{T}{H}{E}{R}{I}{A}: {A} species-level database of life history,
	ecology, and geography of extant and recently extinct mammals},
  journal = {Ecology},
  year = {2009},
  volume = {90},
  pages = {2648},
  number = {9},
}

@ARTICLE{Karatas2007,
  author = {Karata\c{s}, A. and Mouradi Gharkheloo, M. and Kankili\c{c}, T.},
  title = {Cranial features and karyotypes of two hedgehogs ({I}nsectivora:
	{E}rinaceidae) from {I}ran},
  journal = {Anatomia, Histologia, Embryologia},
  year = {2007},
  volume = {36},
  pages = {419-423},
  number = {6},
  owner = {SFINLAY},
  timestamp = {2014.04.22}
}

@ARTICLE{Kawahara2013,
  author = {Kawahara, A. and Rubinoff, D.},
  title = {Convergent evolution of morphology and habitat use in the explosive
	{H}awaiian fancy case caterpillar radiation},
  journal = {Journal of evolutionary biology},
  year = {2013},
  volume = {26},
  pages = {1763-1773},
  owner = {SFINLAY},
  timestamp = {2014.04.22}
}

@ARTICLE{Kharlamova2010,
  author = {Kharlamova, A. and Trut, L. and Chase, K. and Kukekova, A. and Lark,
	K.},
  title = {Directional asymmetry in the limbs, skull and pelvis of the silver
	fox (\textit{{V}. vulpes})},
  journal = {Journal of morphology},
  year = {2010},
  volume = {271},
  pages = {1501-1508},
  number = {12},
}

@ARTICLE{Klenovsek2013,
  author = {Klenov\v{s}ek, T. and Kry\v{s}tufek, B.},
  title = {An ontogenetic perspective on the study of sexual dimorphism, phylogenetic
	variability, and allometry of the skull of {E}uropean ground squirrel,
	\textit{{S}permophilus citellus} (Linnaeus, 1766)},
  journal = {Zoomorphology},
  year = {2013},
  owner = {SFINLAY},
  timestamp = {2014.04.22}
}

@ARTICLE{Klingenberg2013,
  author = {Klingenberg, C.P.},
  title = {Visualizations in geometric morphometrics: how to read and how to
	make graphs showing shape changes},
  journal = {Hystrix, the Italian Journal of Mammalogy},
  year = {2013},
  volume = {24},
  pages = {10},
  number = {1}
}

@ARTICLE{Klingenberg2013a,
  author = {Klingenberg, C.P.},
  title = {Cranial integration and modularity: insights into evolution and development
	from morphometric data},
  journal = {Hystrix, the Italian Journal of Mammalogy},
  year = {2013},
  volume = {24},
  pages = {43-58},
  number = {1}
}

@ARTICLE{Klingenberg2011,
  author = {Klingenberg, C.P.},
  title = {Morpho{J}: an integrated software package for geometric morphometrics},
  journal = {Molecular Ecology Resources},
  year = {2011},
  volume = {11},
  pages = {353-357},
  owner = {SFINLAY},
  timestamp = {2014.04.22}
}

@ARTICLE{Klingenberg2008,
  author = {Klingenberg, C.P.},
  title = {Novelty and "{H}omology-free" morphometrics: what's in a name?},
  journal = {Evolutionary Biology},
  year = {2008},
  volume = {35},
  number = {186-190},
  owner = {SFINLAY},
  timestamp = {2014.04.22}
}

@ARTICLE{Klingenberg2008a,
  author = {Klingenberg, C.P.},
  title = {Morphological integration and developmental modularity},
  journal = {Annual review of ecology, evolution, and systematics},
  year = {2008},
  volume = {39},
  pages = {115-132}
}

@ARTICLE{Klingenberg2002,
  author = {Klingenberg, C.P. and Barluenga, M. and Meyer, A.},
  title = {Shape analysis of symmetric structures: quantifying variation among
	individuals and asymmetry},
  journal = {Evolution},
  year = {2002},
  volume = {56},
  pages = {1909-1920},
  number = {10},
  keywords = {Fluctuating asymmetry geometric morphometrics morphological variation
	Procrustes superimposition shape analysis symmetry},
  owner = {SFINLAY},
  timestamp = {2014.04.22}
}

@ARTICLE{Klingenberg2005,
  author = {Klingenberg, C.P. and Monteiro, L.R.},
  title = {Distances and directions in multidimensional shape spaces: implications
	for morphometric applications},
  journal = {Systematic Biology},
  year = {2005},
  volume = {54},
  pages = {678-688},
  number = {4},
  owner = {SFINLAY},
  timestamp = {2014.04.22}
}

@ARTICLE{Knoernschild2012,
  author = {Kn\"ornschild, M. and Jung, K. and Nagy, M. and Metz, M. and Kalko,
	E.},
  title = {Bat echolocation calls facilitate social communication},
  journal = {Proceedings of the Royal Society B: Biological Sciences},
  year = {2012},
}

@ARTICLE{Knouft2006,
  author = {Knouft, J.H. and Losos, J. B. and Glor, R.E. and Kolbe, J.J.},
  title = {Phylogenetic analysis of the evolution of the niche in lizards of
	the \textit{{A}nolis sagrei} group},
  journal = {Ecology},
  year = {2006},
  volume = {87},
  pages = {S29-S38},
  number = {7},
  owner = {SFINLAY},
  timestamp = {2014.04.22}
}

@INBOOK{KnoxJones1992,
  pages = {75},
  title = {Insectivores},
  publisher = {Texas Tech University Press},
  year = {1992},
  author = {Knox Jones, J. and Manning, R.W.},
  address = {United States of America},
  booktitle = {Illustrated key to skulls of genera of North American land mammals}
}

@ARTICLE{Kozak2008,
  author = {Kozak, K. and Graham, C. and Wiens, J.},
  title = {Integrating {G}{I}{S}-based environmental data into evolutionary
	biology},
  journal = {Trends in ecology \& evolution},
  year = {2008},
  volume = {23},
  pages = {141-148},
  number = {3},
}

@ARTICLE{Kozak2005,
  author = {Kozak, K.H. and Larson, A. and Bonett, R.M. and Harmon, L.J.},
  title = {Phylogenetic analysis of ecomorphological divergence, community structure
	and diversification rates in {D}usky {S}alamanders ({P}lethodontidae:
	{D}esmognathus)},
  journal = {Evolution},
  year = {2005},
  volume = {59},
  pages = {2000-2016},
  number = {9},
  keywords = {Adaptive radiation Appalachian Highlands community ecology comparative
	method North America phylogeography speciation.},
  owner = {SFINLAY},
  timestamp = {2014.04.22}
}

@ARTICLE{Krystufek2002,
  author = {Krystufek, B.},
  title = {Cranial variability in the {E}astern hedgehog \textit{{E}rinaceus
	concolor} (Mammalia: Insectivora)},
  journal = {Journal of Zoology},
  year = {2002},
  volume = {258},
  pages = {365-373},
  number = {3},
  keywords = {Erinaceus concolor Europe Near East Middle East skull morphology principal
	components analysis discriminant function analysis},
  owner = {SFINLAY},
  timestamp = {2014.04.22}
}

@ARTICLE{Kuhl1982,
  author = {Kuhl, F.P. and Giardina, C.R.},
  title = {Elliptic fourier features of a closed contour},
  journal = {Computer Graphics and Image Processing},
  year = {1982},
  volume = {18},
  pages = {236-258},
  owner = {SFINLAY},
  timestamp = {2014.04.22}
}

@ARTICLE{Kuhn2011,
  author = {Kuhn, T.S. and Mooers, A. and Thomas, G.H.},
  title = {A simple polytomy resolver for dated phylogenies},
  journal = {Methods in Ecology and Evolution},
  year = {2011},
  volume = {2},
  pages = {427-436},
  owner = {SFINLAY},
  timestamp = {2014.04.22}
}

@ARTICLE{Kuntner2011,
  author = {Kuntner, M. and May-Collado, L.J. and Agnarsson., I},
  title = {Phylogeny and conservation priorities of afrotherian mammals ({A}frotheria,
	{M}ammalia)},
  journal = {Zoologica Scripta},
  year = {2011},
  volume = {40},
  owner = {SFINLAY},
  timestamp = {2014.04.22}
}

@ARTICLE{L.2009,
  author = {Bar\v{c}iov\'a L.},
  title = {Advances in insectivore and rodent systematics due to geometric morphometrics},
  journal = {Mammal Review},
  year = {2009},
  volume = {39},
  pages = {80-91},
  number = {2},
  keywords = {Eulipotyphla geographic patterns landmark phylogeny Rodentia},
  owner = {SFINLAY},
  timestamp = {2014.04.22}
}

@ARTICLE{L.2001,
  author = {R\"uber. L. and Adams, D.C.},
  title = {Evolutionary convergence of body shape and trophic morphology in
	cichlids from {L}ake {T}anganyika},
  journal = {Journal of Evolutionary Biology},
  year = {2001},
  volume = {14},
  pages = {325-332},
  owner = {SFINLAY},
  timestamp = {2014.04.22}
}

@ARTICLE{Lacy2013,
  author = {Lacy, R. and Alaks, G.},
  title = {Effects of inbreeding on skeletal size and fluctuating asymmetry
	of \textit{{P}eromyscus polionotus} mice},
  journal = {Zoo biology},
  year = {2013},
  volume = {32},
  pages = {125-133},
  number = {2},
}

@ARTICLE{Langerhans2006,
  author = {Langerhans, B.R. and Knouft, J.H. and Losos, J.B.},
  title = {Shared and unique features of diversification in greater antillean
	\textit{{A}nolis} ecomorphs },
  journal = {Evolution},
  year = {2006},
  volume = {60},
  pages = {362-369},
  number = {2},
  keywords = {Adaptive radiation Anolis convergent evolution diversification ecomorphology
	historical contingency morphometrics natural selection},
  owner = {SFINLAY},
  timestamp = {2014.04.22}
}

@ARTICLE{Lawing2010,
  author = {Lawing, A. M. and Polly, P. D.},
  title = {Geometric morphometrics: recent applications to the study of evolution
	and development},
  journal = {Journal of Zoology},
  year = {2010},
  volume = {280},
  pages = {1-7},
  number = {1},
  keywords = {geometric morphometrics shape coordinates landmark data Procrustes},
  owner = {SFINLAY},
  timestamp = {2014.04.22}
}

@ARTICLE{Layman2007,
  author = {Layman, C.A. and Arrington, D.A. and Monta\~na, C.G. and Post, D.M.},
  title = {Can stable isotope ratios provide for community-wide measures of
	trophic structure?},
  journal = {Ecology},
  year = {2007},
  volume = {88},
  pages = {42-48},
  number = {1},
  owner = {SFINLAY},
  timestamp = {2014.04.22}
}

@ARTICLE{Leal2002,
  author = {Leal, M. and Knox, A. K. and Losos, J. B.},
  title = {Lack of convergence in aquatic \textit{{A}nolis} lizards},
  journal = {Evolution},
  year = {2002},
  volume = {56},
  pages = {785-791},
  number = {4},
  keywords = {Adaptation Anolis aquatic convergence lizard},
  owner = {SFINLAY},
  timestamp = {2014.04.22}
}

@ARTICLE{Levesque2013,
  author = {Levesque, D.L. and Lovasoa, O.M.A. and Rakotoharimalala, S.N. and
	Lovegrove, B.G.},
  title = {High mortality and annual fecundity in a free-ranging basal placental
	mammal, \textit{{S}etifer setosus} ({T}enrecidae: {A}frosoricida)},
  journal = {Journal of Zoology},
  year = {2013},
  owner = {SFINLAY},
  timestamp = {2014.04.22}
}

@Misc{Lin2010,
  title = {Mammals of {T}aiwan, {V}olume 1. {S}oricomorpha},
  author = {Lin, L-K. and Motokawa, M.},
  year = {2010},
howpublished={\url{http://mammal.biota.biodiv.tw/}},
  url = {http://mammal.biota.biodiv.tw/}
}

@ARTICLE{Liu2010,
  author = {Liu, Y. and Cotton, J.A. and Shen, B. and Han, X. and Rossiter, S.J.
	and Zhang, S.},
  title = {Convergent sequence evolution between echolocating bats and dolphins},
  journal = {Current Biology},
  year = {2010},
  volume = {20},
  pages = {R53-R54},
  number = {2},
  owner = {SFINLAY},
  timestamp = {2014.04.22}
}

@ARTICLE{Lopez-Fuster2006,
  author = {Lopez-Fuster, M.J. and Garcia-Perea, R. and Fernandez-Salvador, R.
	and Gisbert, J. and Ventura, J.},
  title = {Craniometric variability of the {I}berian desman, \textit{{G}alemys
	pyrenaicus} ({M}ammalia: {E}rinaceomorpha:{T}alpidae)},
  journal = {Folia Zoologica},
  year = {2006},
  volume = {55},
  pages = {29-42},
  number = {1},
  owner = {SFINLAY},
  timestamp = {2014.04.22}
}

@ARTICLE{Losos2011,
  author = {Losos, J.B.},
  title = {Convergence, adaptation and constraint },
  journal = {Evolution},
  year = {2011},
  volume = {65},
  pages = {1827-1840},
  number = {7},
  keywords = {Adaptation natural selection},
  owner = {SFINLAY},
  timestamp = {2014.04.22}
}

@ARTICLE{Losos2010,
  author = {Losos, Jonathan},
  title = {Adaptive radiation, ecological opportunity, and evolutionary determinism.
	{A}merican {S}ociety of {N}aturalists {E}. {O}. {W}ilson {A}ward
	{A}ddress},
  journal = {The American Naturalist},
  year = {2010},
  volume = {175},
  pages = {623-639},
  number = {6},
  note = {10.1086/652433},
}

@ARTICLE{Losos2002,
  author = {Losos, J.B. and Miles, D.B.},
  title = {Testing the hypothesis that a clade has adaptively radiated: {I}guanid
	lizards as a case study},
  journal = {The American Naturalist},
  year = {2002},
  volume = {160},
  pages = {147-157},
  number = {2},
  owner = {SFINLAY},
  timestamp = {2014.04.22}
}

@ARTICLE{Losos1998,
  author = {Losos, J. B. and Jackman, T. R. and Larson A. and de Queiroz, K.
	and Rodr\'iguez-Schettino, L.},
  title = {Contingency and determinism in replicated adaptive radiations of
	island lizards},
  journal = {Science (New York, N.Y.)},
  year = {1998},
  volume = {279},
  pages = {2115-2118},
  number = {5359},
}

@INBOOK{Losos2010a,
  pages = {381-420},
  title = {Adaptive radiation: the interaction of ecological opportunity, adaptation
	and speciation},
  publisher = {Sinauer Association},
  year = {2010},
  editor = {Bell, M.A. and Futuyma, D.J. and Eanes, W.F. and Levinton, Eds.},
  author = {Losos, J. B. and Mahler, D.L.},
  address = {Sunderland, MA.},
  booktitle = {Evolution since Darwin: The first 150 years}
}

@ARTICLE{Loy2007,
  author = {Loy, A.},
  title = {Morphometrics and theriological collections. {H}omage to {M}arco
	{C}orti},
  journal = {Hystrix-Italian Journal of Mammalogy},
  year = {2007},
  volume = {18},
  pages = {115-136},
  owner = {SFINLAY},
  timestamp = {2014.04.22}
}

@INPROCEEDINGS{Loy,
  author = {Loy, A. and Slice, D.E.},
  title = {Image data banks and geometric morphometrics},
  booktitle = {''Tools for Identifying Biodiversity: Progress and Problems. Proceedings
	of the International Congress, Paris, September 20-22, 2010''},
  editor = {Nimis, P.L. and Lebbe, R.V.},
  pages = {243-248},
  owner = {SFINLAY},
  timestamp = {2014.04.22}
}

@ARTICLE{Moeller2008,
  author = {M\oller, A.P.},
  title = {Relative longevity and field metabolic rate in birds},
  journal = {Journal of Evolutionary Biology},
  year = {2008},
  volume = {21},
  pages = {1379-1386},
  number = {5},
  keywords = {evolutionary theories of senescence field metabolic rate free radicals
	longevity survival},
  owner = {SFINLAY},
  timestamp = {2014.04.22}
}

@ARTICLE{Moeller2007,
  author = {M\oller, A.P.},
  title = {Senescence in relation to latitude and migration in birds},
  journal = {Journal of Evolutionary Biology},
  year = {2007},
  volume = {20},
  pages = {750-757},
  number = {2},
  keywords = {actuarial senescence anti-oxidants bird banding evolutionary theories
	of senescence longevity},
  owner = {SFINLAY},
  timestamp = {2014.04.22}
}

@ARTICLE{Macholan2008,
  author = {Machol\'an, M. and Mikula, O. and Vohral\'ikc, V.},
  title = {Geographic phenetic variation of two eastern-{M}editerranean non-commensal
	mouse species, \textit{{M}us macedonicus} and \textit{{M}. cypriacus}
	({R}odentia: {M}uridae) based on traditional and geometric approaches
	to morphometrics},
  journal = {Zoologischer Anzeiger - A Journal of Comparative Zoology},
  year = {2008},
  volume = {247},
  pages = {67-80},
  number = {1},
  owner = {SFINLAY},
  timestamp = {2014.04.22}
}

@MISC{MacLeod2013,
  author = {MacLeod, N.},
  title = {Landmarks and semilandmarks: Difference without meaning and meaning
	without difference},
  year = {2013},
  number = {20/11/2013}
}

@Misc{MacLeod2012,
  title = {Going {R}ound the {B}end II: {E}xtended {E}igenshape {A}nalysis},
  author = {MacLeod, N.A.},
  year = {2012},
  number = {25/03/2014},
  owner = {SFINLAY},
  timestamp = {2014.04.22},
  howpublished={\url{http://www.palass.org}},
  url = {http://www.palass.org},
  volume = {2014}
}

@ARTICLE{Mahler2013,
  author = {Mahler, D.L. and Ingram, T. and Revell, L. and Losos, J.B},
  title = {Exceptional convergence on the macroevolutionary landscape in island
	lizard radiations},
  journal = {Science},
  year = {2013},
  volume = {341},
  pages = {292-295},
  number = {6143},
}

@ARTICLE{Mahler2010,
  author = {Mahler, D. L. and Revell, L. J. and Glor, R. E. and Losos, J. B.},
  title = {Ecological opportunity and the rate of morphological evolution in
	the diversification of Greater Antillean anoles},
  journal = {Evolution},
  year = {2010},
  volume = {64},
  pages = {2731-2745},
  number = {9},
}

@ARTICLE{Marcus2000,
  author = {Marcus, L.F. and Hingst-Zaher, E. and Zaher, H.},
  title = {Application of landmark morphometrics to skulls representing the
	orders of living mammals.},
  journal = {Hystrix-Italian Journal of Mammalogy},
  year = {2000},
  volume = {11},
  pages = {27-47},
  owner = {SFINLAY},
  timestamp = {2014.04.22}
}

@MISC{Marshall1996,
  author = {Marshall, C.D. and Eisenberg, J. F.},
  title = {\textit{{H}emicentetes semispinosus}},
  month = {20/06/2013},
  year = {1996},
  owner = {SFINLAY},
  pages = {1-4},
  publisher = {American Society of Mammalogists},
  timestamp = {2014.04.22}
}

@ARTICLE{McCane2012,
  author = {McCane, B.},
  title = {Shape variation in outline shapes},
  journal = {Systematic Biology},
  year = {2012},
}

@ARTICLE{McInnes2011,
  author = {McInnes, L. and Baker, W.J. and Barraclough, T.G. and Dasmahapatra,
	K.K. and Goswami, A. and Harmon, L.J. and Morlon, H. and Purvis,
	A. and Rosindell, J. and Thomas, G.H. and Turvey, S.T. and Phillimore,
	A.B.},
  title = {Integrating ecology into macroevolutionary research},
  journal = {Biology Letters},
  year = {2011},
  volume = {7},
  pages = {644-646},
  number = {5},
}

@ARTICLE{Melville2006,
  author = {Melville, J. and Harmon, L.J. and Losos, J.B.},
  title = {Intercontinental community convergence of ecology and morphology
	in desert lizards},
  journal = {Proceedings of the Royal Society B: Biological Sciences},
  year = {2006},
  volume = {273},
  pages = {557-563},
  number = {1586},
}

@ARTICLE{Metzger2005,
  author = {Metzger, K.A. and Herrel, A.},
  title = {Correlations between lizard cranial shape and diet: a quantitative,
	phylogenetically informed analysis},
  journal = {Biological Journal of the Linnean Society},
  year = {2005},
  volume = {86},
  pages = {433-466},
  number = {4},
  keywords = {body size feeding system herbivory lepidosaur omnivory skull},
  owner = {SFINLAY},
  timestamp = {2014.04.22}
}

@ARTICLE{Mitteroecker2009,
  author = {Mitteroecker, P. and Gunz, P.},
  title = {Advances in geometric morphometrics},
  journal = {Evolutionary Biology},
  year = {2009},
  volume = {36},
  pages = {235-247},
  number = {2},
  owner = {SFINLAY},
  timestamp = {2014.04.22}
}

@ARTICLE{Mitteroecker2004,
  author = {Mitteroecker, P. and Gunz, P. and Bernhard, M. and Schaefer, K. and
	Bookstein, F.},
  title = {Comparison of cranial ontogenetic trajectories among great apes and
	humans},
  journal = {Journal of Human Evolution},
  year = {2004},
  volume = {46},
  pages = {679-697},
  number = {6},
}

@BOOK{Moat2007,
  title = {Atlas of the vegetation of {M}adagascar/{A}tlas de la vegetation
	de {M}adagascar},
  publisher = {Royal Botanical Gardens Kew},
  year = {2007},
  author = {Moat, J. and Smith, P.P.},
  pages = {1-124},
  address = {London},
  owner = {SFINLAY},
  timestamp = {2014.04.22}
}

@ARTICLE{Moen2013,
  author = {Moen, D. and Irschick, D. and Wiens, J.},
  title = {Evolutionary conservatism and convergence both lead to striking similarity
	in ecology, morphology and performance across continents in frogs},
  journal = {Proceedings of the Royal Society B: Biological Sciences},
  year = {2013},
  volume = {280},
  pages = {20132156},
  number = {1773},
}

@ARTICLE{Monteiro2013,
  author = {Monteiro, L.R.},
  title = {Morphometrics and the comparative method: studying the evolution
	of biological shape},
  journal = {Hystrix, the Italian Journal of Mammalogy},
  year = {2013},
  volume = {24},
  pages = {12},
  number = {1},
  owner = {SFINLAY},
  timestamp = {2014.04.22}
}

@ARTICLE{Monteiro1999,
  author = {Monteiro, L.R.},
  title = {Multivariate regression models and geometric morphometrics: the search
	for causal factors in the analysis of shape},
  journal = {Systematic biology},
  year = {1999},
  volume = {48},
  pages = {192-199},
  number = {1},
  owner = {SFINLAY},
  timestamp = {2014.04.22}
}

@ARTICLE{Monteiro1999a,
  author = {Monteiro, L.R.},
  title = {Multivariate regression models and geometric morphometrics: the search
	for causal factors in the analysis of shape},
  journal = {Systematic biology},
  year = {1999},
  volume = {48},
  pages = {192-199},
  number = {1},
  owner = {SFINLAY},
  timestamp = {2014.04.22}
}

@ARTICLE{Moorad2010,
  author = {Moorad, J.A. and Promislow, D.E.L.},
  title = {Evolution: {A}ging up a tree?},
  journal = {Current Biology},
  year = {2010},
  volume = {20},
  pages = {R406-R407},
  number = {9},
  owner = {SFINLAY},
  timestamp = {2014.04.22}
}

@ARTICLE{Morales2013,
  author = {Morales, M.M. and Giannini, N.P.},
  title = {Ecomorphology of the {A}frican felid ensemble: {T}he role of the
	skull and postcranium in determining species segregation and assembling
	history},
  journal = {Journal of Evolutionary Biology},
  year = {2013},
  volume = {26},
  pages = {980-992},
  number = {5},
}

@ARTICLE{Morris2006,
  author = {Morris, S.C.},
  title = {Evolutionary convergence},
  journal = {Current Biology},
  year = {2006},
  volume = {16},
  pages = {7},
  number = {19},
  owner = {SFINLAY},
  timestamp = {2014.04.22}
}

@ARTICLE{Mouillot2012,
  author = {Mouillot, D. and Graham, N. and Vill\'eger, S. and Mason, N. and
	Bellwood, D.},
  title = {A functional approach reveals community responses to disturbances},
  journal = {Trends in Ecology and Evolution},
  year = {2012},
}

@ARTICLE{Muchlinski2010,
  author = {Muchlinski, M. N.},
  title = {A comparative analysis of vibrissa count and infraorbital foramen
	area in primates and other mammals},
  journal = {Journal of Human Evolution},
  year = {2010},
  volume = {58},
  pages = {447-473},
  owner = {SFINLAY},
  timestamp = {2014.04.22}
}

@ARTICLE{Muchlinski2008,
  author = {Muchlinski, M. N.},
  title = {The relationship between the infraorbital foramen, infraorbital nerve,
	and maxillary mechanoreception: implications for interpreting the
	paleoecology of fossil mammals based on infraorbital foramen size},
  journal = {The Anatomical Record: Advances in Integrative Anatomy and Evolutionary
	Biology},
  year = {2008},
  volume = {291},
  pages = {1221-1226},
  number = {10},
  keywords = {infraorbital foramen infraorbital nerve infraorbital artery vibrissae
	paleoecology},
  owner = {SFINLAY},
  timestamp = {2014.04.22}
}

@ARTICLE{Muldoon2009,
  author = {Muldoon, K.M. and de Blieux, D.D. and Simons, E.L. and Chatracth,
	P.S.},
  title = {The subfossil occurrence and paleoecological significance of small
	mammals at {A}nkilitelo {C}ave, {S}outhwestern {M}adagascar},
  journal = {Journal of Mammalogy},
  year = {2009},
  volume = {90},
  pages = {111-1131},
  number = {5}
}

@ARTICLE{Munshi-South2010,
  author = {Munshi-South, J. and Wilkinson, G.S.},
  title = {Bats and birds: {E}xceptional longevity despite high metabolic rates},
  journal = {Ageing Research Reviews},
  year = {2010},
  volume = {9},
  pages = {12-19},
  owner = {SFINLAY},
  timestamp = {2014.04.22}
}

@ARTICLE{Muschick2012,
  author = {Muschick, M. and Indermaur, A. and Salzburger, W.},
  title = {Convergent evolution within an adaptive radiation of cichlid fishes},
  journal = {Current Biology},
  year = {2012},
  volume = {22},
  pages = {1-7},
  owner = {SFINLAY},
  timestamp = {2014.04.22}
}

@BOOK{Nagorsen2002,
  title = {An identification manual to the small mammals of British Columbia},
  publisher = {Ministry of Sustainable Resource Management, Ministry of Water, Land
	and Air Protection, Biodiversity Branch and Royal BC Museum},
  year = {2002},
  author = {Nagorsen, D.W.},
  pages = {153}
}

@BOOK{Nowak1983,
  title = {Walker's {M}ammals of the {W}orld, 4th edition},
  publisher = {Johns Hopkins University Press},
  year = {1983},
  author = {Nowak, R.M.},
  volume = {1},
  pages = {1936},
  address = {Baltimore},
  owner = {SFINLAY},
  timestamp = {2014.04.22}
}

@ARTICLE{OLeary2013,
  author = {O'Leary, Maureen and Bloch, Jonathan and Flynn, John and Gaudin,
	Timothy and Giallombardo, Andres and Giannini, Norberto and Goldberg,
	Suzann and Kraatz, Brian and Luo, Zhe-Xi and Meng, Jin and Ni, Xijun
	and Novacek, Michael and Perini, Fernando and Randall, Zachary and
	Rougier, Guillermo and Sargis, Eric and Silcox, Mary and Simmons,
	Nancy and Spaulding, Michelle and Velazco, Pa\'ul and Weksler, Marcelo
	and Wible, John and Cirranello, Andrea},
  title = {The placental mammal ancestor and the post-{K}-{P}g radiation of
	placentals},
  journal = {Science (New York, N.Y.)},
  year = {2013},
  volume = {339},
  pages = {662-667},
  number = {6120},
}

@ARTICLE{OMeara2006,
  author = {O'Meara, B.C. and An\'e, C. and Sanderson, M.J. and Wainwright, P.C.},
  title = {Testing for different rates of continuous trait evolution using likelihood},
  journal = {Evolution},
  year = {2006},
  volume = {60},
  pages = {922-933},
  number = {5},
}

@ARTICLE{Ojeda1999,
  author = {Ojeda, R.A. and Borghi, C.E.. and Diaz, G.B. and Giannoni, S.M. and
	Mares, M.A. and Braun, J.K.},
  title = {Evolutionary convergence of the highly adapted desert rodent \textit{{T}ympanoctomys
	barrerae} ({O}ctodontidae)},
  journal = {Journal of Arid Environments},
  year = {1999},
  volume = {41},
  pages = {443-452},
  number = {4},
  owner = {SFINLAY},
  timestamp = {2014.04.22}
}

@ARTICLE{Olson2001,
  author = {Olson, D.M. and Dinerstein, E. and Wikramanayake, E.D. and Burgess,
	N.D. and Powell, G.V.N. and Underwood, E.C. and D'Amico, J.A. and
	Itoua, I. and Strand, H.E. and Morrison, J.C.},
  title = {Terrestrial ecoregions of the world: {A} new map of life on {E}arth},
  journal = {BioScience},
  year = {2001},
  volume = {51},
  pages = {933-938},
  number = {11},
  owner = {SFINLAY},
  timestamp = {2014.04.22}
}

@INBOOK{Olson2003,
  pages = {1235-1242},
  title = {Phylogeny and biogeography of tenrecs},
  publisher = {The University of Chicago Press},
  year = {2003},
  editor = {Goodman, S. M. and Benstead, J. P.},
  author = {Olson, L. E. and Goodman, S. M.},
  address = {Chicago},
  booktitle = {The Natural History of Madagascar}
}

@ARTICLE{Olson2004,
  author = {Olson, L. E. and Goodman, S. M and Yoder, A. D.},
  title = {Illumination of cryptic species boundaries in long-tailed shrew tenrecs
	({M}ammalia: {T}enrecidae; \textit{{M}icrogale}), with new insights
	into geographic variation and distributional constraints},
  journal = {Biological Journal of the Linnean Society},
  year = {2004},
  volume = {83},
  pages={1-22},
  owner = {SFINLAY},
  timestamp = {2014.04.22}
}

@ARTICLE{Olson2009a,
  author = {Olson, L.E. and Rakotomalala, Z. and Hildebrandt, K.B.P. and Lanier,
	H.C. and Raxworthy, C.J. and Goodman, S.M.},
  title = {Phylogeography of \textit{{M}icrogale brevicaudata} ({T}enrecidae)
	and description of a new species from western {M}adagascar},
  journal = {Journal of Mammalogy},
  year = {2009},
  volume = {90},
  pages = {1095-1110},
  number = {5},
  owner = {SFINLAY},
  timestamp = {2014.04.22}
}

@ARTICLE{Olson2013,
  author = {Olson, L. E.},
  title = {Tenrecs},
  journal = {Current Biology},
  year = {2013},
  volume = {23},
  pages = {R5-R8},
  number = {1},
  owner = {SFINLAY},
  timestamp = {2014.04.22}
}

@ARTICLE{Olson2009,
  author = {Olson, M. E. and Arroyo-Santos, A.},
  title = {Thinking in continua: beyond the "adaptive radiation" metaphor},
  journal = {BioEssays},
  year = {2009},
  volume = {31},
  pages = {1337-1346}
}

@ARTICLE{Panchetti2008,
  author = {Panchetti, F. and Scalici, M. and Carpaneto, G.M. and Gibertini,
	G.},
  title = {Shape and size variations in the cranium of elephant-shrews: a morphometric
	contribution to a phylogenetic debate},
  journal = {Zoomorphology},
  year = {2008},
  volume = {127},
  pages = {69-82},
  owner = {SFINLAY},
  timestamp = {2014.04.22}
}

@ARTICLE{Paradis2004,
  author = {Paradis, E. and Claude, J. and Strimmer, K.},
  title = {APE: Analyses of {P}hylogenetics and {E}volution in {R} language},
  journal = {Bioinformatics},
  year = {2004},
  volume = {20},
  pages = {289-290},
  number = {2},
}

@ARTICLE{Parker2013,
  author = {Parker, J. and Tsagkogeorga, G. and Cotton, J.A. and Liu, Y. and
	Provero, P. and Stupka, E. and Rossiter, S.J.},
  title = {Genome-wide signatures of convergent evolution in echolocating mammals},
  journal = {Nature},
  year = {2013},
  owner = {SFINLAY},
  timestamp = {2014.04.22}
}

@ARTICLE{Parsons2003,
  author = {Parsons, K.J. and Robinson, B.W. and Hrbek, T.},
  title = {Getting into shape: {A}n empirical comparison of traditional truss-based
	morphometric methods with a newer geometric method applied to {N}ew
	{W}orld cichlids},
  journal = {Environmental Biology of Fishes},
  year = {2003},
  volume = {67},
  pages = {417-431},
  number = {4},
  keywords = {Earth and Environmental Science},
  owner = {SFINLAY},
  timestamp = {2014.04.22}
}

@ARTICLE{Partridge1993,
  author = {Partridge, L. and Barton, N.H.},
  title = {Optimality, mutation and the evolution of ageing},
  journal = {Nature},
  year = {1993},
  volume = {362},
  pages = {305-311},
  owner = {SFINLAY},
  timestamp = {2014.04.22}
}

@ARTICLE{Partridge2002,
  author = {Partridge, L. and Gems, D.},
  title = {The evolution of longevity},
  journal = {Current Biology},
  year = {2002},
  volume = {12},
  pages = {R544-R546},
  number = {16},
  owner = {SFINLAY},
  timestamp = {2014.04.22}
}

@ARTICLE{Perez2006,
  author = {Perez, S. I. and Bernal, V. and Gonzalez, P.N.},
  title = {Differences between sliding semi-landmark methods in geometric morphometrics,
	with an application to human craniofacial and dental variation},
  journal = {Journal of Anatomy},
  year = {2006},
  volume = {208},
  pages = {769-784},
  number = {6},
  keywords = {dental and facial data minimum bending energy minimum Procrustes distance},
  owner = {SFINLAY},
  timestamp = {2014.04.22}
}

@ARTICLE{Peveling2003,
  author = {Peveling, R. and McWilliam, A. N. and Nagel, P. and Rasolomanana,
	H. and Raholijaona and Rakotomianina, L. and Ravoninjatovo, A. and
	Dewhurst, C. F. and Gibson, G. and Rafanomezana, S. and Tingle, C.
	C. D.},
  title = {Impact of locust control on harvester termites and endemic vertebrate
	predators in {M}adagascar},
  journal = {Journal of Applied Ecology},
  year = {2003},
  volume = {40},
  pages = {729-741},
  number = {4},
  keywords = {Coarctotermes clepsydra deltamethrin diet of lizards and tenrecs fipronil
	food chain disruption locust control termite toxicity triflumuron.},
  owner = {SFINLAY},
  timestamp = {2014.04.22}
}

@ARTICLE{Phillips2006,
  author = {Phillips, S.J. and Anderson, R.P. and Schapire, R.E.},
  title = {Maximum entropy modeling of species geographic distributions},
  journal = {Ecological Modelling},
  year = {2006},
  volume = {190},
  pages = {231-259},
  owner = {SFINLAY},
  timestamp = {2014.04.22}
}

@ARTICLE{Pie2005,
  author = {Pie, M.R. and Weitz, J.S.},
  title = {A null model of morphospace occupation},
  journal = {The American Naturalist},
  year = {2005},
  volume = {166},
  pages = {E1-E13},
  number = {1},
}

@INBOOK{Polechova2008,
  pages = {1088-1097},
  title = {Ecological {N}iche},
  publisher = {Elsevier},
  year = {2008},
  editor = {J\orgensen, S.E. and Fath, B.D.},
  author = {Polechov\'a, J. and Storch, D.},
  volume = {2},
  address = {Oxford},
  booktitle = {Encyclopedia of Ecology},
  owner = {SFINLAY},
  timestamp = {2014.04.22}
}

@ARTICLE{Polly2008,
  author = {Polly, P. D.},
  title = {Developmental dynamics and {G}-matrices: can morphometric spaces
	be used to model phenotypic evolution?},
  journal = {Evolutionary Biology},
  year = {2008},
  volume = {35},
  pages = {83-96},
  number = {35},
  owner = {SFINLAY},
  timestamp = {2014.04.22}
}

@ARTICLE{Polly2004,
  author = {Polly, P. D.},
  title = {On the simulation of the evolution of morphological shape: multivariate
	shape under selection and drift},
  journal = {Palaeontologica Electronica},
  year = {2004},
  volume = {7},
  pages = {7A:28},
  number = {2},
  owner = {SFINLAY},
  timestamp = {2014.04.22}
}

@ARTICLE{Polly2013,
  author = {Polly, P. D. and Lawing, A. M. and Fabre, A-C. and Goswami, A.},
  title = {Phylogenetic principal components analysis and geometric morphometrics},
  journal = {Hystrix, the Italian Journal of Mammalogy},
  year = {2013},
  volume = {24},
  pages = {1-9},
  number = {1}
}

@ARTICLE{Pomeroy1990,
  author = {Pomeroy, D.},
  title = {Why fly? {T}he possible benefits for lower mortality},
  journal = {Biological Journal of the Linnean Society},
  year = {1990},
  volume = {40},
  pages = {53-65},
  number = {1},
  keywords = {Flight advantages mortality rates mammals bats birds penguins swifts},
  owner = {SFINLAY},
  timestamp = {2014.04.22}
}

@ARTICLE{Poux2008,
  author = {Poux, C. and Madsen, O. and Glos, J. and de Jong, W. W. and Vences,
	M.},
  title = {Molecular phylogeny and divergence times of {M}alagasy tenrecs: {I}nfluence
	of data partitioning and taxon sampling on dating analyses},
  journal = {BMC Evolutionary Biology},
  year = {2008},
  volume = {8},
  pages = {102},
  number = {102},
  owner = {SFINLAY},
  timestamp = {2014.04.22}
}

@ARTICLE{Poux2005,
  author = {Poux, C. and Madsen, O. and Marquard, E. and Vieites, D. R. and de
	Jong, W. W. and Vences, M.},
  title = {Asynchronous colonization of {M}adagascar by the four endemic clades
	of primates, tenrecs, carnivores, and rodents as inferred from nuclear
	genes},
  journal = {Systematic Biology},
  year = {2005},
  volume = {54},
  pages = {719-730},
  number = {5},
}

@ARTICLE{Preuschoft2002,
  author = {Preuschoft, H. and Witzel, U.},
  title = {Biomechanical investigations on the skulls of reptiles and mammals},
  journal = {Palaeobiodiversity and palaeoenvironments},
  year = {2002},
  volume = {82},
  pages = {207-222},
  number = {1},
  owner = {SFINLAY},
  timestamp = {2014.04.22}
}

@ARTICLE{Price2013,
  author = {Price, S.A. and Tavera, J.J. and Near, T.J. and Wainwright, P.C.},
  title = {Elevated rates of morphological and functional diversification in
	reef-dwelling haemulid fishes},
  journal = {Evolution},
  year = {2013},
  volume = {67},
  pages = {417-428},
  number = {2},
}

@ARTICLE{Price2010,
  author = {Price, S.A. and Wainwright, P.C. and Bellwood, D.R. and Kazancioglu,
	E. and Collar, D.C. and Near, T.J.},
  title = {Functional innovations and morphological diversification in parrotfish},
  journal = {Evolution},
  year = {2010},
  volume = {64},
  pages = {3057-3068},
  number = {10},
}

@ARTICLE{Promislow1990,
  author = {Promislow, D.E.L. and Harvey, P.H.},
  title = {Living fast and dying young: {A} comparative analysis of life-history
	variation among mammals},
  journal = {Journal of Zoology},
  year = {1990},
  volume = {220},
  pages = {417-437},
  owner = {SFINLAY},
  timestamp = {2014.04.22}
}

@ARTICLE{Querouil2001,
  author = {Qu\'erouil, S. and Hutterer, P.B. and Colyn, M. and Kerbis Peterhans,
	J.C. and Verheyen, E.},
  title = {Phylogeny and evolution of {A}frican shrews ({M}ammalia: {S}oricidae)
	inferred from 16s r{R}{N}{A} sequences},
  journal = {Molecular Phylogenetics and Evolution},
  year = {2001},
  volume = {20},
  pages = {185-195},
  number = {2}
}

@ARTICLE{Roedder2011,
  author = {R\"odder, D. and Engler, J.O.},
  title = {Quantitative metrics of overlaps in {G}rinnellian niches: advances
	and possible drawbacks},
  journal = {Global Ecology and Biogeography},
  year = {2011},
  volume = {20},
  owner = {SFINLAY},
  timestamp = {2014.04.22}
}

@Misc{Team2014,
  title = {R: A Language and Environment for Statistical Computing},
  author = {{R Core Team}},
  organization = {R Foundation for Statistical Computing},
  address = {Vienna, Austria},
  year = {2014},
howpublished={\url{http://www.R-project.org/}},
  url = {http://www.R-project.org/}
}

@ARTICLE{Reidenberg1994,
  author = {Reidenberg, J.S. and Laitman, J.T.},
  title = {Anatomy of the hyoid apparatus in odontoceti (toothed whales): {S}pecializations
	of their skeleton and musculature compared with those of terrestrial
	mammals},
  journal = {The Anatomical Record},
  year = {1994},
  volume = {240},
  pages = {598-624},
  number = {4},
  keywords = {Hyoid Cetacean Odontocete Larynx Comparative anatomy Swallowing Sound
	production Suction feeding},
  owner = {SFINLAY},
  timestamp = {2014.04.22}
}

@BOOK{Repenning1967,
  title = {Subfamilies and {G}enera of the {S}oricidae},
  publisher = {United States Government Printing Office},
  year = {1967},
  author = {Repenning, C.A.},
  pages = {71},
  series = {Geological Survey Professional Paper 565},
  address = {Washington}
}

@ARTICLE{Revell2012,
  author = {Revell, L.J.},
  title = {phytools: an {R} package for phylogenetic comparative biology (and
	other things)},
  journal = {Methods in Ecology and Evolution},
  year = {2012},
  volume = {3},
  pages = {217-223},
  number = {2},
  keywords = {blogging computational biology evolution phylogeny statistics},
  owner = {SFINLAY},
  timestamp = {2014.04.22}
}

@ARTICLE{Revell2008,
  author = {Revell, L.J. and Harmon, L. and Collar, D.},
  title = {Phylogenetic signal, evolutionary process, and rate},
  journal = {Systematic biology},
  year = {2008},
  volume = {57},
  pages = {591-601},
  number = {4},
}

@ARTICLE{Revell2007,
  author = {Revell, L.J. and Johnson, M.A. and Schulte, J.A. and Kolbe, J.J.
	and Losos, J.B.},
  title = {A phylogenetic test for adaptive convergence in rock-dwelling lizards},
  journal = {Evolution},
  year = {2007},
  volume = {61},
  pages = {2898-2912},
  number = {12},
  keywords = {Character evolution comparative method convergence exaptation parallelism},
  owner = {SFINLAY},
  timestamp = {2014.04.22}
}

@ARTICLE{Revell2012a,
  author = {Revell, L.J. and Mahler, D.L. and Peres-Neto, P.R. and Redelings,
	B.D.},
  title = {A new phylogenetic method for identifying exceptional phenotypic
	diversification},
  journal = {Evolution},
  year = {2012},
  volume = {66},
  pages = {135-146},
  number = {1},
}

@ARTICLE{Ricklefs2010,
  author = {Ricklefs, R.E.},
  title = {Life-history connections to rates of aging in terrestrial vertebrates},
  journal = {Proceedings of the National Academy of Sciences},
  year = {2010},
  volume = {107},
  pages = {10314-10319},
  number = {22},
  owner = {SFINLAY},
  timestamp = {2014.04.22}
}

@ARTICLE{Ricklefs2010a,
  author = {Ricklefs, R.E.},
  title = {Insights from comparative analyses of aging in birds and mammals},
  journal = {Aging Cell},
  year = {2010},
  volume = {9},
  pages = {273-284},
  number = {2},
  owner = {SFINLAY},
  timestamp = {2014.04.22}
}

@INBOOK{Ricklefs1994,
  chapter = {2},
  pages = {13-41},
  title = {Ecological and evolutionary inferences from morphology: an ecological
	perspective},
  publisher = {The University of Chicago press},
  year = {1994},
  editor = {Wainwright, P.C. and Reilly, S.M.},
  author = {Ricklefs, R.E. and Miles, D.B.},
  booktitle = {Ecological morphology: integrative organismal biology},
  owner = {SFINLAY},
  timestamp = {2014.04.22}
}

@ARTICLE{Robert1999,
  author = {Robert, J. Asher},
  title = {A morphological basis for assessing the phylogeny of the "{T}enrecoidea"
	({M}ammalia, {L}ipotyphla)},
  journal = {Cladistics},
  year = {1999},
  volume = {15},
  owner = {SFINLAY},
  timestamp = {2014.04.22}
}

@Misc{Rohlf2013,
  title = {TPSDig2 ver 2.17},
  author = {Rohlf, F.},
  organization = {Morphometrics at SUNY Stony Brook},
  year = {2013},
  howpublished={\url {http://life.bio.sunysb.edu/morph/}},
  url = {http://life.bio.sunysb.edu/morph/}
}

@Misc{Rohlf2012,
  title = {TPSUtil ver 1.53},
  author = {Rohlf, F.},
  organization = {Morphometrics at SUNY Stony Brook},
  year = {2012},
howpublished={\url{http://life.bio.sunysb.edu/morph/}},
  url = {http://life.bio.sunysb.edu/morph/}
}

@ELECTRONIC{SUNY2009,
  author = {Rohlf, F.,},
  year = {2009},
  title = {Morphometrics at {S}{U}{N}{Y} {S}tony {B}rook},
  url = {http://life.bio.sunysb.edu/morph/index.html},
  owner = {SFINLAY},
  timestamp = {2014.09.23}
}

@ARTICLE{Rohlf1999,
  author = {Rohlf, F. J.},
  title = {Shape statistics: {P}rocrustes superimpositions and tangent spaces},
  journal = {Journal of Classification},
  year = {1999},
  volume = {16},
  pages = {197-223},
  owner = {SFINLAY},
  timestamp = {2014.04.22}
}

@ARTICLE{Rohlf2003,
  author = {Rohlf, F. J. and Bookstein, F.L.},
  title = {Computing the uniform component of shape variation},
  journal = {Systematic Biology},
  year = {2003},
  volume = {52},
  pages = {66-69},
  number = {1},
}

@ARTICLE{Rohlf2000,
  author = {Rohlf, J.F. and Corti, M.},
  title = {Use of two-block partial least-squares to study covariation in shape},
  journal = {Systematic Biology},
  year = {2000},
  volume = {49},
  pages = {740-753},
  number = {4},
}

@ARTICLE{Rohlf1996,
  author = {Rohlf, J.F. and Loy, A. and Corti, M.},
  title = {Morphometric analysis of {O}ld {W}orld {T}alpidae ({M}ammalia, {I}nsectivora)
	using partial-warp scores},
  journal = {Systematic Biology},
  year = {1996},
  volume = {45},
  pages = {344-362},
  number = {3},
}

@ARTICLE{Rohlf1993,
  author = {Rohlf, J.F. and Marcus, L.F.},
  title = {A revolution in morphometrics},
  journal = {Trends in Ecology and Evolution},
  year = {1993},
  volume = {8},
  pages = {129-132},
  number = {4},
  owner = {SFINLAY},
  timestamp = {2014.04.22}
}

@ARTICLE{Rondinini2011,
  author = {Rondinini, C. and Rodrigues, A. and Boitani, L.},
  title = {The key elements of a comprehensive global mammal conservation strategy},
  journal = {Philosophical transactions of the Royal Society of London. Series
	B, Biological sciences},
  year = {2011},
  volume = {366},
  pages = {2591-2597},
  number = {1578},
}

@ARTICLE{Ross2013,
  author = {Ross, D. and Marcot, J. and Betteridge, K. and Nascone-Yoder, N.
	and Bailey, C. and Sears, K.},
  title = {Constraints on mammalian forelimb development: insights from developmental
	disparity},
  journal = {Evolution},
  year = {2013},
  volume = {67},
  pages = {3645-3652},
  number = {12},
}

@ARTICLE{Roy1997,
  author = {Roy, K. and Foote, M.},
  title = {Morphological approaches to measuring biodiversity},
  journal = {Trends in Ecology and Evolution},
  year = {1997},
  volume = {12},
  pages = {277-281},
  owner = {SFINLAY},
  timestamp = {2014.04.22}
}

@ARTICLE{Ruta2013,
  author = {Ruta, M. and Angielczyk, K. and Fr\"obisch, J. and Benton, M.},
  title = {Decoupling of morphological disparity and taxic diversity during
	the adaptive radiation of anomodont therapsids},
  journal = {Proceedings of the Royal Society B: Biological Sciences},
  year = {2013},
  volume = {280},
  pages = {20131071},
  number = {1768},
}

@ARTICLE{Salton2009,
  author = {Salton, J. A. and Sargis, E.J.},
  title = {Evolutionary morphology of the {T}enrecoidea ({M}ammalia) hindlimb
	skeleton},
  journal = {Journal of Morphology},
  year = {2009},
  volume = {270},
  pages = {367-387},
  number = {3},
  keywords = {Tenrecidae tenrecs hindlimb hip pelvis femur knee tibia evolutionary
	morphology},
  owner = {SFINLAY},
  timestamp = {2014.04.22}
}

@ARTICLE{Salton2004,
  author = {Salton, J. A. and Szalay, F. S.},
  title = {The tarsal complex of {A}fro-{M}alagasy {T}enrecoidea: {A} search
	for phylogenetically meaningful characters},
  journal = {Journal of Mammalian Evolution},
  year = {2004},
  volume = {11},
  pages = {73-104},
  number = {2},
  keywords = {Biomedical and Life Sciences},
  owner = {SFINLAY},
  timestamp = {2014.04.22}
}

@ARTICLE{Samonds2013,
  author = {Samonds, K. and Godfrey, L. and Ali, J. and Goodman, S. and Vences,
	M. and Sutherland, M. and Irwin, M. and Krause, D.},
  title = {Imperfect isolation: {F}actors and filters shaping {M}adagascar's
	extant vertebrate fauna},
  journal = {PloS one},
  year = {2013},
  volume = {8},
  number = {4},
}

@ARTICLE{Samonds2012,
  author = {Samonds, K.E. and Godfrey, L.R. and Ali, J.R. and Goodman, S.M. and
	Vences, M. and Sutherland, M.R. and Irwin, M.T. and Krause, D.W.},
  title = {Spatial and temporal arrival patterns of {M}adagascar's vertebrate
	fauna explained by distance, ocean currents, and ancestor type},
  journal = {Proceedings of the National Academy of Sciences},
  year = {2012},
  volume = {109},
  pages = {5352-5357},
  number = {14},
}

@ARTICLE{Scalici2011,
  author = {Scalici, M. and Panchetti, F.},
  title = {Morphological cranial diversity contributes to phylogeny in soft-furred
	sengis ({A}frotheria, {M}acroscelidea)},
  journal = {Zoology},
  year = {2011},
  volume = {114},
  pages = {85-94},
  number = {2},
  keywords = {African mammals Cranium morphology Elephant-shrews Geometric morphometrics
	Macroscelidinae phylogeny},
  owner = {SFINLAY},
  timestamp = {2014.04.22}
}

@ARTICLE{Schaefer2006,
  author = {Schaefer, K. and Lauc, T. and Mitteroecker, P. and Gunz, P. and Bookstein,
	F.L.},
  title = {Dental arch asymmetry in an isolated adriatic community},
  journal = {American Journal of Physical Anthropology},
  year = {2006},
  volume = {129},
  pages = {132-142},
  owner = {SFINLAY},
  timestamp = {2014.04.22}
}

@ARTICLE{Scheffer2006,
  author = {Scheffer, M. and van Nes, E.H.},
  title = {Self-organized similarity, the evolutionary emergence of groups of
	similar species},
  journal = {Proceedings of the National Academy of Sciences},
  year = {2006},
  volume = {103},
  pages = {6230-6235},
  number = {16},
  owner = {SFINLAY},
  timestamp = {2014.04.22}
}

@ARTICLE{Schmitz2011,
  author = {Schmitz, L. and Motani, R.},
  title = {Nocturnality in dinosaurs inferred from scleral ring and orbit morphology},
  journal = {Science},
  year = {2011},
  volume = {332},
  pages = {705-707},
  owner = {SFINLAY},
  timestamp = {2014.04.22}
}

@ARTICLE{Schmitz2010,
  author = {Schmitz, L. and Motani, R.},
  title = {Morphological differences between the eyeballs of nocturnal and diurnal
	amniotes revisited from optical perspectives of visual environments},
  journal = {Vision Research},
  year = {2010},
  volume = {50},
  pages = {936-946},
  owner = {SFINLAY},
  timestamp = {2014.04.22}
}

@ARTICLE{Schoener2011,
  author = {Schoener, T.},
  title = {The newest synthesis: understanding the interplay of evolutionary
	and ecological dynamics},
  journal = {Science},
  year = {2011},
  volume = {331},
  pages = {426-429},
  number = {6016},
}

@ARTICLE{Segar2013,
  author = {Segar, S. and Pereira, R. and Compton, S. and Cook, J.},
  title = {Convergent structure of multitrophic communities over three continents},
  journal = {Ecology letters},
  year = {2013},
  volume = {16},
  pages = {1436-1445},
}

@ARTICLE{Serb2011,
  author = {Serb, J.M. and Alejandrino, A. and Ot\'{a}rola-Castillo, E. and Adams,
	D.C.},
  title = {Morphological convergence of shell shape in distantly related scallop
	species ({M}ollusca: Pectinidae)},
  journal = {Zoological Journal of the Linnean Society},
  year = {2011},
  volume = {163},
  pages = {571-584}
}

@ARTICLE{Shattuck2010,
  author = {Shattuck, M.R. and Williams, S.A.},
  title = {Arboreality has allowed for the evolution of increased longevity
	in mammals},
  journal = {Proceedings of the National Academy of Sciences},
  year = {2010},
  volume = {107},
  pages = {4635-4639},
  number = {10},
  owner = {SFINLAY},
  timestamp = {2014.04.22}
}

@ARTICLE{Siemers2009,
  author = {Siemers, B.M. and Schauermann, G. and Turni, H. and von Merten, S.},
  title = {Why do shrews twitter? Communication or simple echo-based orientation},
  journal = {Biology Letters},
  year = {2009},
  volume = {5},
  pages = {593-596},
  number = {5},
  owner = {SFINLAY},
  timestamp = {2014.04.22}
}

@MISC{skullsite2012,
  author = {skullsite},
  title = {Hedgehog \textit{{E}rinaceus europaeus}},
  year = {2012},
  number = {21/10/2012},
  owner = {SFINLAY},
  timestamp = {2014.04.22}
}

@ARTICLE{Slice2007,
  author = {Slice, D.E.},
  title = {Geometric morphometrics},
  journal = {Annual Review of Anthropology},
  year = {2007},
  volume = {36},
  pages = {261-281},
  owner = {SFINLAY},
  timestamp = {2014.04.22}
}

@ARTICLE{Slice2001,
  author = {Slice, D.E.},
  title = {Landmark coordinates aligned by {P}rocrustes analysis do not lie
	in {K}endall's shape space},
  journal = {Systematic Biology},
  year = {2001},
  volume = {50},
  pages = {141-149},
  number = {2},
  owner = {SFINLAY},
  timestamp = {2014.04.22}
}

@ARTICLE{Smith2013,
  author = {Smith, U.E. and Hendricks, J.R.},
  title = {Geometric morphometric character suites as phylogenetic data: extracting
	phylogenetic signal from gastropod shells},
  journal = {Systematic Biology},
  year = {2013},
}

@BOOK{Soarimalala2011,
  title = {Les petits mammiferes de {M}adagascar},
  year = {2011},
  author = {Soarimalala, V. and Goodman, S.M.},
  pages = {176},
  series = {Guides sur la diversit\'e biologique de {M}adagascar},
  address = {Association {V}ahatra, {A}ntananarivo, {M}adagascar}
}

@ARTICLE{Sprague1943,
  author = {Sprague, J.M.},
  title = {The hyoid region of placental mammals with especial reference to
	the bats},
  journal = {American Journal of Anatomy},
  year = {1943},
  volume = {72},
  pages = {385-472},
  number = {3},
  owner = {SFINLAY},
  timestamp = {2014.04.22}
}

@ARTICLE{Springer2003,
  author = {Springer, M.S. and Murphy, W.J. and Eizirik, E. and O'Brien, S.J.},
  title = {Placental mammal diversification and the {C}retaceous-{T}ertiary
	boundary},
  journal = {Proceedings of the National Academy of Sciences},
  year = {2003},
  volume = {100},
  pages = {1056-1061},
  number = {3},
}

@ARTICLE{Stanhope1998,
  author = {Stanhope, M.J. and Waddell, V.G. and Madsen, O. and de Jong, W. and
	Hedges, S.B. and Cleven, G.C. and Kao, D. and Springer, M.S.},
  title = {Molecular evidence for multiple origins of Insectivora and for a
	new order of endemic African insectivore mammals},
  journal = {Proceedings of the National Academy of Sciences, USA},
  year = {1998},
  volume = {95},
  pages = {9967-9972}
}

@ARTICLE{Stayton2008,
  author = {Stayton, C.T.},
  title = {Is convergence surprising? {A}n examination of the frequency of convergence
	in simulated datasets},
  journal = {Journal of Theoretical Biology},
  year = {2008},
  volume = {252},
  pages = {1-14},
  number = {1},
  keywords = {Brownian motion Convergent evolution Evolutionary simulations Quantitative
	data QVI},
  owner = {SFINLAY},
  timestamp = {2014.04.22}
}

@ARTICLE{Stayton2005,
  author = {Stayton, C.T.},
  title = {Morphological evolution of the lizard skull: a geometric morphometrics
	survey},
  journal = {Journal of morphology},
  year = {2005},
  volume = {263},
  pages = {47-59},
  number = {1},
}

@ARTICLE{Stayton2006,
  author = {Stayton, C. T.},
  title = {Testing hypotheses of convergence with multivariate data: morphological
	and functional convergence among herbivorous lizards },
  journal = {Evolution},
  year = {2006},
  volume = {60},
  pages = {824-841},
  number = {4},
  keywords = {Convergence geometric morphometrics herbivory lizards morphospace.},
  owner = {SFINLAY},
  timestamp = {2014.04.22}
}

@ARTICLE{Stephenson1994,
  author = {Stephenson, P.J.},
  title = {Seasonality effects on small mammal trap success in {M}adagascar},
  journal = {Journal of Tropical Ecology},
  year = {1994},
  volume = {10},
  pages = {439-444},
  number = {3},
  owner = {SFINLAY},
  timestamp = {2014.04.22}
}

@ARTICLE{Stephenson1993,
  author = {Stephenson, P.J.},
  title = {The small mammal fauna of {R}\'eserve {S}p\'eciale d'{A}nalamazaotra,
	{M}adagascar: the effects of human disturbance on endemic species
	diversity},
  journal = {Biodiversity and Conservation},
  year = {1993},
  volume = {2},
  pages = {603-615},
  number = {6},
  owner = {SFINLAY},
  timestamp = {2014.04.22}
}

@ARTICLE{Steudel1993,
  author = {Steudel, K. and Beattie, J.},
  title = {Scaling of cursoriality in mammals},
  journal = {Journal of Morphology},
  year = {1993},
  volume = {217},
  pages = {55-63},
  number = {1},
}

@ARTICLE{Sutherland2013,
  author = {Sutherland, W.J. and Freckleton, R.P. and Godfray, H..J. and Beissinger,
	S.R. and Benton, T. and Cameron, D.D. and Carmel, Y. and Coomes,
	D.A. and Coulson, T. and Emmerson, M.C. and AUTHORS, ADD IN MORE},
  title = {Identification of 100 fundamental ecological questions},
  journal = {Journal of Ecology},
  year = {2013},
  volume = {101},
  pages = {58-67},
  number = {1},
  owner = {SFINLAY},
  timestamp = {2014.04.22}
}

@ARTICLE{Symonds2005,
  author = {Symonds, M. R. E.},
  title = {Phylogeny and life histories of the ''{I}nsectivora'': controversies
	and consequences},
  journal = {Biological Reviews},
  year = {2005},
  volume = {80},
  pages = {93-128},
  number = {1},
  keywords = {Lipotyphla comparative method independent contrasts brain size gestation
	length Afrotheria systematics},
  owner = {SFINLAY},
  timestamp = {2014.04.22}
}

@ARTICLE{Teeling2009,
  author = {Teeling, E.C.},
  title = {Hear, hear: the convergent evolution of echolocation in bats?},
  journal = {Trends in Ecology and Evolution},
  year = {2009},
  volume = {24},
  pages = {351-354},
  number = {7},
  owner = {SFINLAY},
  timestamp = {2014.04.22}
}

@ARTICLE{Tomasi1979,
  author = {Tomasi, T. E.},
  title = {Echolocation by the short-tailed shrew \textit{{B}larina brevicauda}},
  journal = {Journal of Mammalogy},
  year = {1979},
  volume = {60},
  pages = {751-759},
  number = {4},
}

@ARTICLE{Tsagkogeorga2013,
  author = {Tsagkogeorga, G. and Parker, J. and Stupka, E. and Cotton, J.A. and
	Rossiter, S.J.},
  title = {Phylogenomic analyses elucidate the evolutionary relationships of
	bats},
  journal = {Current Biology},
  year = {2013},
  volume = {23},
  pages = {2262-2267},
  number = {22},
  owner = {SFINLAY},
  timestamp = {2014.04.22}
}

@ARTICLE{Tseng2013,
  author = {Tseng, Z.},
  title = {Testing adaptive hypotheses of convergence with functional landscapes:
	a case study of bone-cracking hypercarnivores},
  journal = {PloS one},
  year = {2013},
  volume = {8},
  number = {5},
}

@ARTICLE{VanValen1965,
  author = {Van Valen, L.},
  title = {Morphological variation and width of ecological niche},
  journal = {The American Naturalist},
  year = {1965},
  volume = {99},
  pages = {377-390},
  number = {908},
  owner = {SFINLAY},
  timestamp = {2014.04.22}
}

@ARTICLE{Veselka2010,
  author = {Veselka, N. and McErlain, D.D. and Holdsworth, D.W. and Eger, J.L.
	and Chhem, R.K. and Mason, M.J. and Brain, K.L. and Faure, P.A. and
	Fenton, B.M.},
  title = {A bony connection signals laryngeal echolocation in bats},
  journal = {Nature},
  year = {2010},
  volume = {463},
  pages = {939-942},
  number = {7283},
  owner = {SFINLAY},
  timestamp = {2014.04.22}
}

@ARTICLE{Viscosi2011,
  author = {Viscosi, V. and Cortini, A.},
  title = {Leaf morphology, taxonomy and geometric morphometrics: a simplified
	protocol for beginners},
  journal = {PLoS ONE},
  year = {2011},
  volume = {6},
  pages = {e25630},
  number = {10},
  owner = {SFINLAY},
  timestamp = {2014.04.22}
}

@ARTICLE{Wagner2012,
  author = {Wagner, C. and Harmon, L. and Seehausen, O.},
  title = {Ecological opportunity and sexual selection together predict adaptive
	radiation},
  journal = {Nature},
  year = {2012},
  volume = {487},
  pages = {366-369},
  number = {7407},
}

@ARTICLE{Wainwright2007,
  author = {Wainwright, P.C.},
  title = {Functional versus morphological diversity in macroevolution},
  journal = {Annual Review of Ecology, Evolution, and Systematics},
  year = {2007},
  volume = {38},
  pages = {381-401},
  owner = {SFINLAY},
  timestamp = {2014.04.22}
}

@ARTICLE{Warren2010,
  author = {Warren, D.L. and Glor, R.E. and Turelli, M.},
  title = {E{N}{M}{T}ools: a toolbox for comparative studies of environmental
	niche models},
  journal = {Ecography},
  year = {2010},
  owner = {SFINLAY},
  timestamp = {2014.04.22}
}

@ARTICLE{Warren2008,
  author = {Warren, D.L. and Glor, R.E. and Turelli, M.},
  title = {Environmental niche equivalency versus conservatism: quantitative
	approaches to niche evolution},
  journal = {Evolution},
  year = {2008},
  volume = {62},
  pages = {2868-2883},
  number = {11},
  keywords = {Anolis climate Cuba ecology of speciation ecological niche modeling
	invasive species Isthmus of Tehuantepec niche conservatism},
  owner = {SFINLAY},
  timestamp = {2014.04.22}
}

@ARTICLE{Wasser2010,
  author = {Wasser, D.E. and Sherman, P.W.},
  title = {Avian longevities and their interpretation under evolutionary theories
	of senescence},
  journal = {Journal of Zoology},
  year = {2010},
  volume = {280},
  pages = {103-155},
  owner = {SFINLAY},
  timestamp = {2014.04.22}
}

@ARTICLE{Webster2010,
  author = {Webster, M. and Sheets, H.D.},
  title = {A practical introduction to landmark based geometric morphometrics},
  journal = {The Paleontological Society Papers},
  year = {2010},
  volume = {16},
  pages = {163-168},
  owner = {SFINLAY},
  timestamp = {2014.04.22}
}

@ARTICLE{White2008,
  author = {White, T.A. and Searle, J.B.},
  title = {Mandible asymmetry and genetic diversity in island populations of
	the common shrew, \textit{{S}orex araneus}},
  journal = {Journal of Evolutionary Biology},
  year = {2008},
  volume = {21},
  pages = {636-641},
  owner = {SFINLAY},
  timestamp = {2014.04.22}
}

@ARTICLE{Wiersma2007,
  author = {Wiersma, P. and Mu\~noz-Garcia, A. and Walker, A. and Williams, J.B.},
  title = {Tropical birds have a slow pace of life},
  journal = {Proceedings of the National Academy of Sciences},
  year = {2007},
  volume = {104},
  pages = {9340-9345},
  number = {22},
  owner = {SFINLAY},
  timestamp = {2014.04.22}
}

@ARTICLE{Wikelski2003,
  author = {Wikelski, M. and Spinney, L. and Schelsky, W. and Scheuerlein, A.
	and Gwinner, E.},
  title = {Slow pace of like in tropical sedentary birds: a common-garden experiment
	on four stonechat populations from different latitudes},
  journal = {Proceedings of the Royal Society B: Biological Sciences},
  year = {2003},
  volume = {270},
  pages = {2383-2388},
  owner = {SFINLAY},
  timestamp = {2014.04.22}
}

@ARTICLE{Wilkinson2002,
  author = {Wilkinson, G.S. and South, J.M.},
  title = {Life history, ecology and longevity in bats},
  journal = {Aging Cell},
  year = {2002},
  volume = {1},
  pages = {124-131},
  owner = {SFINLAY},
  timestamp = {2014.04.22}
}

@ARTICLE{Williams2006,
  author = {Williams, P.D. and Day, T. and Fletcher, Q. and Rowe, L.},
  title = {The shaping of senescence in the wild},
  journal = {Trends in Ecology \& Evolution},
  year = {2006},
  volume = {21},
  pages = {458-463},
  number = {8},
  owner = {SFINLAY},
  timestamp = {2014.04.22}
}

@ARTICLE{Wills1994,
  author = {Wills, A. and Briggs, D.E.G. and Fortey, R.},
  title = {Disparity as an evolutionary index: {A} comparison of {C}ambrian
	and recent arthropods},
  journal = {Paleontological Society},
  year = {1994},
  volume = {20},
  pages = {93-130},
  number = {2},
  owner = {SFINLAY},
  timestamp = {2014.04.22}
}

@BOOK{Wilson2005,
  title = {Mammal species of the world. {A} taxonomic and geographic reference
	(3rd edition)},
  publisher = {Johns Hopkins University Press},
  year = {2005},
  author = {Wilson, D.E. and Reeder, D.M.},
  owner = {SFINLAY},
  timestamp = {2014.04.22}
}

@ARTICLE{Wroe2007,
  author = {Wroe, S. and Milne, N.},
  title = {Convergence and remarkably consistent constraint in the evolution
	of carnivore skull shape},
  journal = {Evolution},
  year = {2007},
  volume = {61},
  pages = {1251-1260},
  number = {5},
  keywords = {Carnivora convergence feeding ecology geometric morphometrics marsupial},
  owner = {SFINLAY},
  timestamp = {2014.04.22}
}

@ARTICLE{Yoder2006,
  author = {Yoder, A.D. and Nowak, M.D.},
  title = {Has vicariance or dispersal been the predominant biogeographic force
	in {M}adagascar? {O}nly time will tell},
  journal = {Annual Review of Ecology, Evolution and Systematics},
  year = {2006},
  volume = {37},
  pages = {405-31},
  owner = {SFINLAY},
  timestamp = {2014.04.22}
}

@ARTICLE{Yovel2011,
  author = {Yovel, Y. and Geva-Sagiv, M. and Ulanovsky, N.},
  title = {Click-based echolocation in bats: {N}ot so primitive after all},
  journal = {Journal of Comparative Physiology A: Neuroethology, Sensory, Neural,
	and Behavioral Physiology},
  year = {2011},
  volume = {197},
  pages = {515-530},
  number = {5},
  owner = {SFINLAY},
  timestamp = {2014.04.22}
}

@BOOK{Zelditch2012,
  title = {Geometric {M}orphometrics for {B}iologists, 2nd edition},
  publisher = {Academic Press, Elsevier},
  year = {2012},
  author = {Zelditch, M.L. and Swiderski, D.L. and Sheets, D.H.},
  pages = {478},
  owner = {SFINLAY},
  timestamp = {2014.04.22}
}

@article{Price2012,
   author = {Price, S.A. and Hopkins, S. S. B. and Smith, K. K. and Roth, L.V.},
   title = {Tempo of trophic evolution and its impact on mammalian diversification},
   journal = {Proceedings of the National Academy of Sciences, USA},
   volume = {109},
   number = {18},
   pages = {7008-7012},
   year = {2012}
}

@article{Rot-Nikcevic2007,
   author = {Rot-Nikcevic, I. and Downing, K.J. and Hall, B.K. and Kablar, B.},
   title = {Development of the mouse mandibles and clavicles in the absence of skeletal myogenesis},
   journal = {Histology and Histopathology},
   volume = {22},
   number = {1},
   pages = {51-60},
   year = {2007}
}

@Misc{Finlay2015a,
   author = {Finlay, Sive and Cooper, Natalie},
   title = {Linear measurements of insectivore mammal limbs},
   howpublished={\url{http://dx.doi.org/10.6084/m9.figshare.1288856}}, 
   year = {2015},
    url = {http://dx.doi.org/10.6084/m9.figshare.1288856}
}

@Misc{Finlay2015b,
   author = {Finlay, Sive and Cooper, Natalie},
   title = {Linear measurements of insectivore mammals' skulls},
   howpublished={\url{http://dx.doi.org/10.6084/m9.figshare.1288858}}, 
   year = {2015},
    url = {http://dx.doi.org/10.6084/m9.figshare.1288858}
}

@Misc{Finlay2015c,
   author = {Finlay, Sive and Cooper, Natalie},
   title = {Git{H}ub thesis and code repository},
   howpublished={\url{https://github.com/SiveFinlay/Thesis}}, 
   year = {2015},
    url = {https://github.com/SiveFinlay/Thesis}
}

@ARTICLE{Macleod1999,
author = {Macleod, N.},
title = {Generalising and extending the eigenshape method of shape space visualisation
and analysis},
journal = {Paleobiology},
year = {1999},
volume = {25},
pages = {107-138},
number = {1},
owner = {SFINLAY},
timestamp = {2014.04.22}
}

@ARTICLE{MacPhee1987,
author = {MacPhee, R.D.E.},
title = {The shrew tenrecs of {M}adagascar: Systematic revision and holocene
distribution of \textit{{M}icrogale} ({T}enrecidae, {I}nsectivora)},
journal = {American Museum Novitates},
year = {1987},
volume = {Number 2889},
pages = {1-45},
owner = {SFINLAY},
timestamp = {2014.04.22}
}

@Misc{RHOI2013,
author = {RHOI},
title = {{R}evealing {H}ominid {O}rigins {I}initiative {F}ossil {P}hotography {P}rotocol, {U.C} {B}erkeley},
howpublished={\url{http://rhoi.berkeley.edu/RHOI_photo/RHOI_Photography_Protocol.html}},
year = {2013},
url ={http://rhoi.berkeley.edu/RHOI_photo/RHOI_Photography_Protocol.html}
}
